ORDERNUMBER	QUANTITYORDERED	PRICEEACH	ORDERLINENUMBER	SALES	ORDERDATE	STATUS	QTR_ID	MONTH_ID	YEAR_ID	PRODUCTLINE	MSRP	PRODUCTCODE	CUSTOMERNAME	PHONE	ADDRESSLINE1	ADDRESSLINE2	CITY	STATE	POSTALCODE	COUNTRY	TERRITORY	CONTACTLASTNAME	CONTACTFIRSTNAME	DEALSIZE

10151	24	100	3	3327.6	9/21/2003 0:00	Shipped	3	9	2003	Trucks and Buses	118	S12_4473	Oulu Toy Supplies, Inc.	981-443655	Torikatu 38		Oulu		90110	Finland	EMEA	Koskitalo	Pirkko	Medium
10165	48	100	12	6825.6	10/22/2003 0:00	Shipped	4	10	2003	Trucks and Buses	118	S12_4473	Dragon Souveniers, Ltd.	+65 221 7555	Bronz Sok., Bronz Apt. 3/6 Tesvikiye		Singapore		79903	Singapore	Japan	Natividad	Eric	Medium
10175	26	100	1	3543.28	11/6/2003 0:00	Shipped	4	11	2003	Trucks and Buses	118	S12_4473	Stylish Desk Decors, Co.	(171) 555-0297	35 King George		London		WX3 6FW	UK	EMEA	Brown	Ann	Medium
10184	37	100	6	4516.22	11/14/2003 0:00	Shipped	4	11	2003	Trucks and Buses	118	S12_4473	Iberia Gift Imports, Corp.	(95) 555 82 82	C/ Romero, 33		Sevilla		41101	Spain	EMEA	Roel	Jose Pedro	Medium
10195	49	100	6	6445.46	11/25/2003 0:00	Shipped	4	11	2003	Trucks and Buses	118	S12_4473	Mini Classics	9145554562	3758 North Pendale Street		White Plains	NY	24067	USA	NA	Frick	Steve	Medium
10207	34	99.54	7	3384.36	12/9/2003 0:00	Shipped	4	12	2003	Trucks and Buses	118	S12_4473	Diecast Collectables	6175552555	6251 Ingle Ln.		Boston	MA	51003	USA	NA	Franco	Valarie	Medium
10219	48	100	2	4891.68	2/10/2004 0:00	Shipped	1	2	2004	Trucks and Buses	118	S12_4473	Signal Collectibles Ltd.	4155554312	2793 Furth Circle		Brisbane	CA	94217	USA	NA	Taylor	Sue	Medium
10229	36	100	1	4521.96	3/11/2004 0:00	Shipped	1	3	2004	Trucks and Buses	118	S12_4473	Mini Gifts Distributors Ltd.	4155551450	5677 Strong St.		San Rafael	CA	97562	USA	NA	Nelson	Valarie	Medium
10246	46	100	5	5069.66	5/5/2004 0:00	Shipped	2	5	2004	Trucks and Buses	118	S12_4473	Euro Shopping Channel	(91) 555 94 44	C/ Moralzarzal, 86		Madrid		28034	Spain	EMEA	Freyre	Diego	Medium
10259	46	100	4	6541.2	6/15/2004 0:00	Shipped	2	6	2004	Trucks and Buses	118	S12_4473	Handji Gifts& Co	+65 224 1555	Village Close - 106 Linden Road Sandown	2nd Floor	Singapore		69045	Singapore	APAC	Victorino	Wendy	Medium
10271	31	97.17	5	3012.27	7/20/2004 0:00	Shipped	3	7	2004	Trucks and Buses	118	S12_4473	Mini Gifts Distributors Ltd.	4155551450	5677 Strong St.		San Rafael	CA	97562	USA	NA	Nelson	Valarie	Medium
10281	41	100	1	5247.18	8/19/2004 0:00	Shipped	3	8	2004	Trucks and Buses	118	S12_4473	Diecast Classics Inc.	2155551555	7586 Pompton St.		Allentown	PA	70267	USA	NA	Yu	Kyung	Medium
10292	21	100	8	2214.87	9/8/2004 0:00	Shipped	3	9	2004	Trucks and Buses	118	S12_4473	Land of Toys Inc.	2125557818	897 Long Airport Avenue		NYC	NY	10022	USA	NA	Yu	Kwai	Small
10305	38	100	5	4773.18	10/13/2004 0:00	Shipped	4	10	2004	Trucks and Buses	118	S12_4473	Marta's Replicas Co.	6175558555	39323 Spinnaker Dr.		Cambridge	MA	51247	USA	NA	Hernandez	Marta	Medium
10314	45	100	14	6185.7	10/22/2004 0:00	Shipped	4	10	2004	Trucks and Buses	118	S12_4473	Heintze Collectables	86 21 3555	Smagsloget 45		Aaarhus		8200	Denmark	EMEA	Ibsen	Palle	Medium
10324	26	58.38	7	1517.88	11/5/2004 0:00	Shipped	4	11	2004	Trucks and Buses	118	S12_4473	Vitachrome Inc.	2125551500	2678 Kingston Rd.	Suite 101	NYC	NY	10022	USA	NA	Frick	Michael	Small
10336	38	100	3	6372.6	11/20/2004 0:00	Shipped	4	11	2004	Trucks and Buses	118	S12_4473	La Corne D'abondance, Co.	(1) 42.34.2555	265, boulevard Charonne		Paris		75012	France	EMEA	Bertrand	Marie	Medium
10349	48	100	9	5232.96	12/1/2004 0:00	Shipped	4	12	2004	Trucks and Buses	118	S12_4473	Muscle Machine Inc	2125557413	4092 Furth Circle	Suite 400	NYC	NY	10022	USA	NA	Young	Jeff	Medium
10358	42	64.16	9	2694.72	12/10/2004 0:00	Shipped	4	12	2004	Trucks and Buses	118	S12_4473	Euro Shopping Channel	(91) 555 94 44	C/ Moralzarzal, 86		Madrid		28034	Spain	EMEA	Freyre	Diego	Small
10371	49	35.71	4	1749.79	1/23/2005 0:00	Shipped	1	1	2005	Trucks and Buses	118	S12_4473	Mini Gifts Distributors Ltd.	4155551450	5677 Strong St.		San Rafael	CA	97562	USA	NA	Nelson	Valarie	Small
10382	32	66.58	13	2130.56	2/17/2005 0:00	Shipped	1	2	2005	Trucks and Buses	118	S12_4473	Mini Gifts Distributors Ltd.	4155551450	5677 Strong St.		San Rafael	CA	97562	USA	NA	Nelson	Valarie	Small
10412	54	100	5	5951.34	5/3/2005 0:00	Shipped	2	5	2005	Trucks and Buses	118	S12_4473	Euro Shopping Channel	(91) 555 94 44	C/ Moralzarzal, 86		Madrid		28034	Spain	EMEA	Freyre	Diego	Medium
10425	33	100	4	4692.6	5/31/2005 0:00	In Process	2	5	2005	Trucks and Buses	118	S12_4473	La Rochelle Gifts	40.67.8555	67, rue des Cinquante Otages		Nantes		44000	France	EMEA	Labrune	Janine	Medium
10108	36	100	3	3731.04	3/3/2003 0:00	Shipped	1	3	2003	Classic Cars	115	S12_4675	Cruz & Sons Co.	+63 2 555 3587	15 McCallum Street - NatWest Center #13-03		Makati City		1227 MM	Philippines	Japan	Cruz	Arnold	Medium
10122	20	100	7	2142	5/8/2003 0:00	Shipped	2	5	2003	Classic Cars	115	S12_4675	Marseille Mini Autos	91.24.4555	12, rue des Bouchers		Marseille		13008	France	EMEA	Lebihan	Laurence	Small
10135	29	97.89	4	2838.81	7/2/2003 0:00	Shipped	3	7	2003	Classic Cars	115	S12_4675	Mini Gifts Distributors Ltd.	4155551450	5677 Strong St.		San Rafael	CA	97562	USA	NA	Nelson	Valarie	Small
10147	33	97.89	4	3230.37	9/5/2003 0:00	Shipped	3	9	2003	Classic Cars	115	S12_4675	Collectables For Less Inc.	6175558555	7825 Douglas Av.		Brickhaven	MA	58339	USA	NA	Nelson	Allen	Medium
10160	50	100	5	5182	10/11/2003 0:00	Shipped	4	10	2003	Classic Cars	115	S12_4675	Men 'R' US Retailers, Ltd.	2155554369	6047 Douglas Av.		Los Angeles	CA		USA	NA	Chandler	Michael	Medium
10170	41	100	3	4391.1	11/4/2003 0:00	Shipped	4	11	2003	Classic Cars	115	S12_4675	Mini Auto Werke	7675-3555	Kirchgasse 6		Graz		8010	Austria	EMEA	Mendel	Roland	Medium
10181	36	100	11	4477.32	11/12/2003 0:00	Shipped	4	11	2003	Classic Cars	115	S12_4675	Herkku Gifts	+47 2267 3215	Drammen 121, PR 744 Sentrum		Bergen		N 5804	Norway	EMEA	Oeztan	Veysel	Medium
10192	27	100	16	3544.56	11/20/2003 0:00	Shipped	4	11	2003	Classic Cars	115	S12_4675	Online Diecast Creations Co.	6035558647	2304 Long Airport Avenue		Nashua	NH	62005	USA	NA	Young	Valarie	Medium
10203	47	100	5	5195.85	12/2/2003 0:00	Shipped	4	12	2003	Classic Cars	115	S12_4675	Euro Shopping Channel	(91) 555 94 44	C/ Moralzarzal, 86		Madrid		28034	Spain	EMEA	Freyre	Diego	Medium
10212	33	100	15	4180.44	1/16/2004 0:00	Shipped	1	1	2004	Classic Cars	115	S12_4675	Euro Shopping Channel	(91) 555 94 44	C/ Moralzarzal, 86		Madrid		28034	Spain	EMEA	Freyre	Diego	Medium
10225	21	100	6	2684.43	2/22/2004 0:00	Shipped	1	2	2004	Classic Cars	115	S12_4675	Vida Sport, Ltd	0897-034555	Grenzacherweg 237		Gensve		1203	Switzerland	EMEA	Holz	Michael	Small
10239	21	93.28	5	1958.88	4/12/2004 0:00	Shipped	2	4	2004	Classic Cars	115	S12_4675	Oulu Toy Supplies, Inc.	981-443655	Torikatu 38		Oulu		90110	Finland	EMEA	Koskitalo	Pirkko	Small
10253	41	100	10	4910.57	6/1/2004 0:00	Cancelled	2	6	2004	Classic Cars	115	S12_4675	UK Collectables, Ltd.	(171) 555-2282	Berkeley Gardens 12  Brewery		Liverpool		WX1 6LT	UK	EMEA	Devon	Elizabeth	Medium
10266	40	100	11	4468.4	7/6/2004 0:00	Shipped	3	7	2004	Classic Cars	115	S12_4675	L'ordine Souveniers	0522-556555	Strada Provinciale 124		Reggio Emilia		42100	Italy	EMEA	Moroni	Maurizio	Medium
10277	28	100	1	3127.88	8/4/2004 0:00	Shipped	3	8	2004	Classic Cars	115	S12_4675	Dragon Souveniers, Ltd.	+65 221 7555	Bronz Sok., Bronz Apt. 3/6 Tesvikiye		Singapore		79903	Singapore	Japan	Natividad	Eric	Medium
10287	23	100	9	2675.13	8/30/2004 0:00	Shipped	3	8	2004	Classic Cars	115	S12_4675	Vida Sport, Ltd	0897-034555	Grenzacherweg 237		Gensve		1203	Switzerland	EMEA	Holz	Michael	Small
10300	23	100	2	2807.61	10/4/2003 0:00	Shipped	4	10	2003	Classic Cars	115	S12_4675	Blauer See Auto, Co.	+49 69 66 90 2555	Lyonerstr. 34		Frankfurt		60528	Germany	EMEA	Keitel	Roland	Small
10310	25	100	7	2504.75	10/16/2004 0:00	Shipped	4	10	2004	Classic Cars	115	S12_4675	Toms Spezialitten, Ltd	0221-5554327	Mehrheimerstr. 369		Koln		50739	Germany	EMEA	Pfalzheim	Henriette	Small
10321	24	100	15	2984.88	11/4/2004 0:00	Shipped	4	11	2004	Classic Cars	115	S12_4675	FunGiftIdeas.com	5085552555	1785 First Street		New Bedford	MA	50553	USA	NA	Benitez	Violeta	Small
10329	39	64.74	15	2524.86	11/15/2004 0:00	Shipped	4	11	2004	Classic Cars	115	S12_4675	Land of Toys Inc.	2125557818	897 Long Airport Avenue		NYC	NY	10022	USA	NA	Yu	Kwai	Small
10341	55	75.2	7	4136	11/24/2004 0:00	Shipped	4	11	2004	Classic Cars	115	S12_4675	Salzburg Collectables	6562-9555	Geislweg 14		Salzburg		5020	Austria	EMEA	Pipps	Georg	Medium
10363	46	88.45	6	4068.7	1/6/2005 0:00	Shipped	1	1	2005	Classic Cars	115	S12_4675	Suominen Souveniers	+358 9 8045 555	Software Engineering Center, SEC Oy		Espoo		FIN-02271	Finland	EMEA	Suominen	Kalle	Medium
10377	50	100	1	5182	2/9/2005 0:00	Shipped	1	2	2005	Classic Cars	115	S12_4675	Toys of Finland, Co.	90-224 8555	Keskuskatu 45		Helsinki		21240	Finland	EMEA	Karttunen	Matti	Medium
10389	47	100	8	5243.79	3/3/2005 0:00	Shipped	1	3	2005	Classic Cars	115	S12_4675	Scandinavian Gift Ideas	0695-34 6555	?kergatan 24		Boras		S-844 67	Sweden	EMEA	Larsson	Maria	Medium
10405	97	93.28	5	9048.16	4/14/2005 0:00	Shipped	2	4	2005	Classic Cars	115	S12_4675	Mini Caravy	88.60.1555	24, place Kluber		Strasbourg		67000	France	EMEA	Citeaux	Frederique	Large
10419	32	100	10	3832.64	5/17/2005 0:00	Shipped	2	5	2005	Classic Cars	115	S12_4675	Salzburg Collectables	6562-9555	Geislweg 14		Salzburg		5020	Austria	EMEA	Pipps	Georg	Medium
10103	35	100	10	3920	1/29/2003 0:00	Shipped	1	1	2003	Trucks and Buses	116	S18_1097	Baane Mini Imports	07-98 9555	Erling Skakkes gate 78		Stavern		4110	Norway	EMEA	Bergulfsen	Jonas	Medium
10113	49	100	4	4916.66	3/26/2003 0:00	Shipped	1	3	2003	Trucks and Buses	116	S18_1097	Mini Gifts Distributors Ltd.	4155551450	5677 Strong St.		San Rafael	CA	97562	USA	NA	Nelson	Valarie	Medium
10126	38	100	10	3857	5/28/2003 0:00	Shipped	2	5	2003	Trucks and Buses	116	S18_1097	Corrida Auto Replicas, Ltd	(91) 555 22 82	C/ Araquil, 67		Madrid		28023	Spain	EMEA	Sommer	FALSE	Medium
10140	32	100	10	4181.44	7/24/2003 0:00	Shipped	3	7	2003	Trucks and Buses	116	S18_1097	Technics Stores Inc.	6505556809	9408 Furth Circle		Burlingame	CA	94217	USA	NA	Hirano	Juri	Medium
10150	34	100	7	4641	9/19/2003 0:00	Shipped	3	9	2003	Trucks and Buses	116	S18_1097	Dragon Souveniers, Ltd.	+65 221 7555	Bronz Sok., Bronz Apt. 3/6 Tesvikiye		Singapore		79903	Singapore	Japan	Natividad	Eric	Medium
10164	36	99.17	8	3570.12	10/21/2003 0:00	Resolved	4	10	2003	Trucks and Buses	116	S18_1097	Mini Auto Werke	7675-3555	Kirchgasse 6		Graz		8010	Austria	EMEA	Mendel	Roland	Medium
10174	48	93.34	3	4480.32	11/6/2003 0:00	Shipped	4	11	2003	Trucks and Buses	116	S18_1097	Australian Gift Network, Co	61-7-3844-6555	31 Duncan St. West End		South Brisbane	Queensland	4101	Australia	APAC	Calaghan	Tony	Medium
10183	21	96.84	7	2033.64	11/13/2003 0:00	Shipped	4	11	2003	Trucks and Buses	116	S18_1097	Classic Gift Ideas, Inc	2155554695	782 First Street		Philadelphia	PA	71270	USA	NA	Cervantes	Francisca	Small
10194	21	93.34	10	1960.14	11/25/2003 0:00	Shipped	4	11	2003	Trucks and Buses	116	S18_1097	Saveley & Henriot, Co.	78.32.5555	2, rue du Commerce		Lyon		69004	France	EMEA	Saveley	Mary	Small
10206	34	100	5	3966.78	12/5/2003 0:00	Shipped	4	12	2003	Trucks and Buses	116	S18_1097	Canadian Gift Exchange Network	(604) 555-3392	1900 Oak St.		Vancouver	BC	V3F 2K1	Canada	NA	Tannamuri	Yoshi	Medium
10215	46	100	2	5152	1/29/2004 0:00	Shipped	1	1	2004	Trucks and Buses	116	S18_1097	West Coast Collectables Co.	3105553722	3675 Furth Circle		Burbank	CA	94019	USA	NA	Thompson	Steve	Medium
10228	32	100	1	3360	3/10/2004 0:00	Shipped	1	3	2004	Trucks and Buses	116	S18_1097	Cambridge Collectables Co.	6175555555	4658 Baden Av.		Cambridge	MA	51247	USA	NA	Tseng	Kyung	Medium
10245	29	100	8	3451	5/4/2004 0:00	Shipped	2	5	2004	Trucks and Buses	116	S18_1097	Super Scale Inc.	2035559545	567 North Pendale Street		New Haven	CT	97823	USA	NA	Murphy	Leslie	Medium
10258	41	100	5	5453	6/15/2004 0:00	Shipped	2	6	2004	Trucks and Buses	116	S18_1097	Tokyo Collectables, Ltd	+81 3 3584 0555	2-2-8 Roppongi		Minato-ku	Tokyo	106-0032	Japan	Japan	Shimamura	Akiko	Medium
10270	43	96.84	8	4164.12	7/19/2004 0:00	Shipped	3	7	2004	Trucks and Buses	116	S18_1097	Souveniers And Things Co.	+61 2 9495 8555	Monitor Money Building, 815 Pacific Hwy	Level 6	Chatswood	NSW	2067	Australia	APAC	Huxley	Adrian	Medium
10280	24	100	1	2800.08	8/17/2004 0:00	Shipped	3	8	2004	Trucks and Buses	116	S18_1097	Amica Models & Co.	011-4988555	Via Monte Bianco 34		Torino		10100	Italy	EMEA	Accorti	Paolo	Small
10291	41	100	10	4687.94	9/8/2004 0:00	Shipped	3	9	2004	Trucks and Buses	116	S18_1097	Scandinavian Gift Ideas	0695-34 6555	?kergatan 24		Boras		S-844 67	Sweden	EMEA	Larsson	Maria	Medium
10304	46	98	5	4508	10/11/2004 0:00	Shipped	4	10	2004	Trucks and Buses	116	S18_1097	Auto Assoc. & Cie.	30.59.8555	67, avenue de l'Europe		Versailles		78000	France	EMEA	Tonini	Daniel	Medium
10312	32	100	2	4181.44	10/21/2004 0:00	Shipped	4	10	2004	Trucks and Buses	116	S18_1097	Mini Gifts Distributors Ltd.	4155551450	5677 Strong St.		San Rafael	CA	97562	USA	NA	Nelson	Valarie	Medium
10322	22	100	10	2251.04	11/4/2004 0:00	Shipped	4	11	2004	Trucks and Buses	116	S18_1097	Online Diecast Creations Co.	6035558647	2304 Long Airport Avenue		Nashua	NH	62005	USA	NA	Young	Valarie	Small
10333	29	40.25	7	1167.25	11/18/2004 0:00	Shipped	4	11	2004	Trucks and Buses	116	S18_1097	Mini Wheels Co.	6505555787	5557 North Pendale Street		San Francisco	CA		USA	NA	Murphy	Julie	Small
10347	42	49.6	5	2083.2	11/29/2004 0:00	Shipped	4	11	2004	Trucks and Buses	116	S18_1097	Australian Collectors, Co.	03 9520 4555	636 St Kilda Road	Level 3	Melbourne	Victoria	3004	Australia	APAC	Ferguson	Peter	Small
10357	39	98	1	3822	12/10/2004 0:00	Shipped	4	12	2004	Trucks and Buses	116	S18_1097	Mini Gifts Distributors Ltd.	4155551450	5677 Strong St.		San Rafael	CA	97562	USA	NA	Nelson	Valarie	Medium
10370	27	100	1	3911.49	1/20/2005 0:00	Shipped	1	1	2005	Trucks and Buses	116	S18_1097	Anna's Decorations, Ltd	02 9936 8555	201 Miller Street	Level 15	North Sydney	NSW	2060	Australia	APAC	O'Hara	Anna	Medium
10381	48	98	2	4704	2/17/2005 0:00	Shipped	1	2	2005	Trucks and Buses	116	S18_1097	Corporate Gift Ideas Co.	6505551386	7734 Strong St.		San Francisco	CA		USA	NA	Brown	Julie	Medium
10391	29	85.1	10	2467.9	3/9/2005 0:00	Shipped	1	3	2005	Trucks and Buses	116	S18_1097	Anna's Decorations, Ltd	02 9936 8555	201 Miller Street	Level 15	North Sydney	NSW	2060	Australia	APAC	O'Hara	Anna	Small
10411	27	100	8	3213	5/1/2005 0:00	Shipped	2	5	2005	Trucks and Buses	116	S18_1097	Quebec Home Shopping Network	(514) 555-8054	43 rue St. Laurent		Montreal	Quebec	H1J 1C3	Canada	NA	Fresnisre	Jean	Medium
10424	54	100	5	7182	5/31/2005 0:00	In Process	2	5	2005	Trucks and Buses	116	S18_1097	Euro Shopping Channel	(91) 555 94 44	C/ Moralzarzal, 86		Madrid		28034	Spain	EMEA	Freyre	Diego	Large
10109	26	100	4	4379.18	3/10/2003 0:00	Shipped	1	3	2003	Classic Cars	141	S18_1129	Motor Mint Distributors Inc.	2155559857	11328 Douglas Av.		Philadelphia	PA	71270	USA	NA	Hernandez	Rosa	Medium
10122	34	100	2	5004.8	5/8/2003 0:00	Shipped	2	5	2003	Classic Cars	141	S18_1129	Marseille Mini Autos	91.24.4555	12, rue des Bouchers		Marseille		13008	France	EMEA	Lebihan	Laurence	Medium
10136	25	100	2	3644.75	7/4/2003 0:00	Shipped	3	7	2003	Classic Cars	141	S18_1129	Alpha Cognac	61.77.6555	1 rue Alsace-Lorraine		Toulouse		31000	France	EMEA	Roulet	Annette	Medium
10148	23	100	13	2702.04	9/11/2003 0:00	Shipped	3	9	2003	Classic Cars	141	S18_1129	Anna's Decorations, Ltd	02 9936 8555	201 Miller Street	Level 15	North Sydney	NSW	2060	Australia	APAC	O'Hara	Anna	Small
10161	28	100	12	3764.88	10/17/2003 0:00	Shipped	4	10	2003	Classic Cars	141	S18_1129	Heintze Collectables	86 21 3555	Smagsloget 45		Aaarhus		8200	Denmark	EMEA	Ibsen	Palle	Medium
10171	35	100	2	4508	11/5/2003 0:00	Shipped	4	11	2003	Classic Cars	141	S18_1129	Quebec Home Shopping Network	(514) 555-8054	43 rue St. Laurent		Montreal	Quebec	H1J 1C3	Canada	NA	Fresnisre	Jean	Medium
10181	44	100	6	5418.16	11/12/2003 0:00	Shipped	4	11	2003	Classic Cars	141	S18_1129	Herkku Gifts	+47 2267 3215	Drammen 121, PR 744 Sentrum		Bergen		N 5804	Norway	EMEA	Oeztan	Veysel	Medium
10192	22	100	11	3300.66	11/20/2003 0:00	Shipped	4	11	2003	Classic Cars	141	S18_1129	Online Diecast Creations Co.	6035558647	2304 Long Airport Avenue		Nashua	NH	62005	USA	NA	Young	Valarie	Medium
10204	42	100	17	6182.4	12/2/2003 0:00	Shipped	4	12	2003	Classic Cars	141	S18_1129	Muscle Machine Inc	2125557413	4092 Furth Circle	Suite 400	NYC	NY	10022	USA	NA	Young	Jeff	Medium
10212	29	100	10	4186.73	1/16/2004 0:00	Shipped	1	1	2004	Classic Cars	141	S18_1129	Euro Shopping Channel	(91) 555 94 44	C/ Moralzarzal, 86		Madrid		28034	Spain	EMEA	Freyre	Diego	Medium
10225	32	100	1	4529.28	2/22/2004 0:00	Shipped	1	2	2004	Classic Cars	141	S18_1129	Vida Sport, Ltd	0897-034555	Grenzacherweg 237		Gensve		1203	Switzerland	EMEA	Holz	Michael	Medium
10240	41	100	3	5628.89	4/13/2004 0:00	Shipped	2	4	2004	Classic Cars	141	S18_1129	Osaka Souveniers Co.	+81 06 6342 5555	Dojima Avanza 4F, 1-6-20 Dojima, Kita-ku		Osaka	Osaka	530-0003	Japan	Japan	Kentary	Mory	Medium
10253	26	100	5	3054.48	6/1/2004 0:00	Cancelled	2	6	2004	Classic Cars	141	S18_1129	UK Collectables, Ltd.	(171) 555-2282	Berkeley Gardens 12  Brewery		Liverpool		WX1 6LT	UK	EMEA	Devon	Elizabeth	Medium
10266	21	100	6	2526.51	7/6/2004 0:00	Shipped	3	7	2004	Classic Cars	141	S18_1129	L'ordine Souveniers	0522-556555	Strada Provinciale 124		Reggio Emilia		42100	Italy	EMEA	Moroni	Maurizio	Small
10278	34	100	6	4667.86	8/6/2004 0:00	Shipped	3	8	2004	Classic Cars	141	S18_1129	Signal Gift Stores	7025551838	8489 Strong St.		Las Vegas	NV	83030	USA	NA	King	Sue	Medium
10287	41	100	4	6499.32	8/30/2004 0:00	Shipped	3	8	2004	Classic Cars	141	S18_1129	Vida Sport, Ltd	0897-034555	Grenzacherweg 237		Gensve		1203	Switzerland	EMEA	Holz	Michael	Medium
10301	37	100	8	5917.78	10/5/2003 0:00	Shipped	4	10	2003	Classic Cars	141	S18_1129	Norway Gifts By Mail, Co.	+47 2212 1555	Drammensveien 126 A, PB 744 Sentrum		Oslo		N 0106	Norway	EMEA	Klaeboe	Jan	Medium
10310	37	100	2	6231.91	10/16/2004 0:00	Shipped	4	10	2004	Classic Cars	141	S18_1129	Toms Spezialitten, Ltd	0221-5554327	Mehrheimerstr. 369		Koln		50739	Germany	EMEA	Pfalzheim	Henriette	Medium
10321	41	100	10	5803.14	11/4/2004 0:00	Shipped	4	11	2004	Classic Cars	141	S18_1129	FunGiftIdeas.com	5085552555	1785 First Street		New Bedford	MA	50553	USA	NA	Benitez	Violeta	Medium
10331	46	100	6	6434.02	11/17/2004 0:00	Shipped	4	11	2004	Classic Cars	141	S18_1129	Motor Mint Distributors Inc.	2155559857	11328 Douglas Av.		Philadelphia	PA	71270	USA	NA	Hernandez	Rosa	Medium
10342	40	100	2	6454.4	11/24/2004 0:00	Shipped	4	11	2004	Classic Cars	141	S18_1129	Australian Collectors, Co.	03 9520 4555	636 St Kilda Road	Level 3	Melbourne	Victoria	3004	Australia	APAC	Ferguson	Peter	Medium
10356	43	97.6	8	4196.8	12/9/2004 0:00	Shipped	4	12	2004	Classic Cars	141	S18_1129	Lyon Souveniers	+33 1 46 62 7555	27 rue du Colonel Pierre Avia		Paris		75508	France	EMEA	Da Cunha	Daniel	Medium
10365	30	87.06	1	2611.8	1/7/2005 0:00	Shipped	1	1	2005	Classic Cars	141	S18_1129	Mini Creations Ltd.	5085559555	4575 Hillside Dr.		New Bedford	MA	50553	USA	NA	Tam	Wing C	Small
10377	35	100	2	5895.05	2/9/2005 0:00	Shipped	1	2	2005	Classic Cars	141	S18_1129	Toys of Finland, Co.	90-224 8555	Keskuskatu 45		Helsinki		21240	Finland	EMEA	Karttunen	Matti	Medium
10390	36	93.77	14	3375.72	3/4/2005 0:00	Shipped	1	3	2005	Classic Cars	141	S18_1129	Mini Gifts Distributors Ltd.	4155551450	5677 Strong St.		San Rafael	CA	97562	USA	NA	Nelson	Valarie	Medium
10406	61	100	3	8374.69	4/15/2005 0:00	Disputed	2	4	2005	Classic Cars	141	S18_1129	Danish Wholesale Imports	31 12 3555	Vinb'ltet 34		Kobenhavn		1734	Denmark	EMEA	Petersen	Jytte	Large
10419	38	100	5	4464.24	5/17/2005 0:00	Shipped	2	5	2005	Classic Cars	141	S18_1129	Salzburg Collectables	6562-9555	Geislweg 14		Salzburg		5020	Austria	EMEA	Pipps	Georg	Medium
10102	39	100	2	4808.31	1/10/2003 0:00	Shipped	1	1	2003	Vintage Cars	102	S18_1342	Vitachrome Inc.	2125551500	2678 Kingston Rd.	Suite 101	NYC	NY	10022	USA	NA	Frick	Michael	Medium
10111	33	99.66	6	3288.78	3/25/2003 0:00	Shipped	1	3	2003	Vintage Cars	102	S18_1342	Mini Wheels Co.	6505555787	5557 North Pendale Street		San Francisco	CA		USA	NA	Murphy	Julie	Medium
10125	32	100	1	3254.72	5/21/2003 0:00	Shipped	2	5	2003	Vintage Cars	102	S18_1342	Australian Collectors, Co.	03 9520 4555	636 St Kilda Road	Level 3	Melbourne	Victoria	3004	Australia	APAC	Ferguson	Peter	Medium
10139	31	100	7	3184.94	7/16/2003 0:00	Shipped	3	7	2003	Vintage Cars	102	S18_1342	Souveniers And Things Co.	+61 2 9495 8555	Monitor Money Building, 815 Pacific Hwy	Level 6	Chatswood	NSW	2067	Australia	APAC	Huxley	Adrian	Medium
10149	50	100	4	5907.5	9/12/2003 0:00	Shipped	3	9	2003	Vintage Cars	102	S18_1342	Signal Collectibles Ltd.	4155554312	2793 Furth Circle		Brisbane	CA	94217	USA	NA	Taylor	Sue	Medium
10162	48	91.44	2	4389.12	10/18/2003 0:00	Shipped	4	10	2003	Vintage Cars	102	S18_1342	Corporate Gift Ideas Co.	6505551386	7734 Strong St.		San Francisco	CA		USA	NA	Brown	Julie	Medium
10173	43	100	6	5036.16	11/5/2003 0:00	Shipped	4	11	2003	Vintage Cars	102	S18_1342	Rovelli Gifts	035-640555	Via Ludovico il Moro 22		Bergamo		24100	Italy	EMEA	Rovelli	Giovanni	Medium
10182	25	87.33	3	2183.25	11/12/2003 0:00	Shipped	4	11	2003	Vintage Cars	102	S18_1342	Mini Gifts Distributors Ltd.	4155551450	5677 Strong St.		San Rafael	CA	97562	USA	NA	Nelson	Valarie	Small
10193	28	100	7	3106.88	11/21/2003 0:00	Shipped	4	11	2003	Vintage Cars	102	S18_1342	Australian Collectables, Ltd	61-9-3844-6555	7 Allen Street		Glen Waverly	Victoria	3150	Australia	APAC	Connery	Sean	Medium
10205	36	100	2	3735.72	12/3/2003 0:00	Shipped	4	12	2003	Vintage Cars	102	S18_1342	Euro Shopping Channel	(91) 555 94 44	C/ Moralzarzal, 86		Madrid		28034	Spain	EMEA	Freyre	Diego	Medium
10215	27	89.38	10	2413.26	1/29/2004 0:00	Shipped	1	1	2004	Vintage Cars	102	S18_1342	West Coast Collectables Co.	3105553722	3675 Furth Circle		Burbank	CA	94019	USA	NA	Thompson	Steve	Small
10227	25	100	3	2953.75	3/2/2004 0:00	Shipped	1	3	2004	Vintage Cars	102	S18_1342	Saveley & Henriot, Co.	78.32.5555	2, rue du Commerce		Lyon		69004	France	EMEA	Saveley	Mary	Small
10244	40	100	7	4684.8	4/29/2004 0:00	Shipped	2	4	2004	Vintage Cars	102	S18_1342	Euro Shopping Channel	(91) 555 94 44	C/ Moralzarzal, 86		Madrid		28034	Spain	EMEA	Freyre	Diego	Medium
10256	34	95.55	2	3248.7	6/8/2004 0:00	Shipped	2	6	2004	Vintage Cars	102	S18_1342	Danish Wholesale Imports	31 12 3555	Vinb'ltet 34		Kobenhavn		1734	Denmark	EMEA	Petersen	Jytte	Medium
10280	50	100	9	5239.5	8/17/2004 0:00	Shipped	3	8	2004	Vintage Cars	102	S18_1342	Amica Models & Co.	011-4988555	Via Monte Bianco 34		Torino		10100	Italy	EMEA	Accorti	Paolo	Medium
10289	38	100	2	4567.98	9/3/2004 0:00	Shipped	3	9	2004	Vintage Cars	102	S18_1342	Herkku Gifts	+47 2267 3215	Drammen 121, PR 744 Sentrum		Bergen		N 5804	Norway	EMEA	Oeztan	Veysel	Medium
10304	37	95.55	13	3535.35	10/11/2004 0:00	Shipped	4	10	2004	Vintage Cars	102	S18_1342	Auto Assoc. & Cie.	30.59.8555	67, avenue de l'Europe		Versailles		78000	France	EMEA	Tonini	Daniel	Medium
10312	43	89.38	10	3843.34	10/21/2004 0:00	Shipped	4	10	2004	Vintage Cars	102	S18_1342	Mini Gifts Distributors Ltd.	4155551450	5677 Strong St.		San Rafael	CA	97562	USA	NA	Nelson	Valarie	Medium
10322	43	86.3	14	3710.9	11/4/2004 0:00	Shipped	4	11	2004	Vintage Cars	102	S18_1342	Online Diecast Creations Co.	6035558647	2304 Long Airport Avenue		Nashua	NH	62005	USA	NA	Young	Valarie	Medium
10332	46	95.13	15	4375.98	11/17/2004 0:00	Shipped	4	11	2004	Vintage Cars	102	S18_1342	AV Stores, Co.	(171) 555-1555	Fauntleroy Circus		Manchester		EC2 5NT	UK	EMEA	Ashworth	Victoria	Medium
10346	42	36.11	3	1516.62	11/29/2004 0:00	Shipped	4	11	2004	Vintage Cars	102	S18_1342	Signal Gift Stores	7025551838	8489 Strong St.		Las Vegas	NV	83030	USA	NA	King	Sue	Small
10356	50	50.18	9	2509	12/9/2004 0:00	Shipped	4	12	2004	Vintage Cars	102	S18_1342	Lyon Souveniers	+33 1 46 62 7555	27 rue du Colonel Pierre Avia		Paris		75508	France	EMEA	Da Cunha	Daniel	Small
10369	44	100	8	9240.44	1/20/2005 0:00	Shipped	1	1	2005	Vintage Cars	102	S18_1342	Collectables For Less Inc.	6175558555	7825 Douglas Av.		Brickhaven	MA	58339	USA	NA	Nelson	Allen	Large
10380	27	93.16	13	2515.32	2/16/2005 0:00	Shipped	1	2	2005	Vintage Cars	102	S18_1342	Euro Shopping Channel	(91) 555 94 44	C/ Moralzarzal, 86		Madrid		28034	Spain	EMEA	Freyre	Diego	Small
10391	35	100	2	5548.9	3/9/2005 0:00	Shipped	1	3	2005	Vintage Cars	102	S18_1342	Anna's Decorations, Ltd	02 9936 8555	201 Miller Street	Level 15	North Sydney	NSW	2060	Australia	APAC	O'Hara	Anna	Medium
10422	51	95.55	2	4873.05	5/30/2005 0:00	In Process	2	5	2005	Vintage Cars	102	S18_1342	Diecast Classics Inc.	2155551555	7586 Pompton St.		Allentown	PA	70267	USA	NA	Yu	Kyung	Medium
10102	41	50.14	1	2055.74	1/10/2003 0:00	Shipped	1	1	2003	Vintage Cars	53	S18_1367	Vitachrome Inc.	2125551500	2678 Kingston Rd.	Suite 101	NYC	NY	10022	USA	NA	Frick	Michael	Small
10111	48	49.06	5	2354.88	3/25/2003 0:00	Shipped	1	3	2003	Vintage Cars	53	S18_1367	Mini Wheels Co.	6505555787	5557 North Pendale Street		San Francisco	CA		USA	NA	Murphy	Julie	Small
10126	42	54.99	17	2309.58	5/28/2003 0:00	Shipped	2	5	2003	Vintage Cars	53	S18_1367	Corrida Auto Replicas, Ltd	(91) 555 22 82	C/ Araquil, 67		Madrid		28023	Spain	EMEA	Sommer	FALSE	Small
10139	49	43.13	6	2113.37	7/16/2003 0:00	Shipped	3	7	2003	Vintage Cars	53	S18_1367	Souveniers And Things Co.	+61 2 9495 8555	Monitor Money Building, 815 Pacific Hwy	Level 6	Chatswood	NSW	2067	Australia	APAC	Huxley	Adrian	Small
10149	30	58.22	3	1746.6	9/12/2003 0:00	Shipped	3	9	2003	Vintage Cars	53	S18_1367	Signal Collectibles Ltd.	4155554312	2793 Furth Circle		Brisbane	CA	94217	USA	NA	Taylor	Sue	Small
10162	45	51.21	1	2304.45	10/18/2003 0:00	Shipped	4	10	2003	Vintage Cars	53	S18_1367	Corporate Gift Ideas Co.	6505551386	7734 Strong St.		San Francisco	CA		USA	NA	Brown	Julie	Small
10173	48	44.21	5	2122.08	11/5/2003 0:00	Shipped	4	11	2003	Vintage Cars	53	S18_1367	Rovelli Gifts	035-640555	Via Ludovico il Moro 22		Bergamo		24100	Italy	EMEA	Rovelli	Giovanni	Small
10182	32	54.45	2	1742.4	11/12/2003 0:00	Shipped	4	11	2003	Vintage Cars	53	S18_1367	Mini Gifts Distributors Ltd.	4155551450	5677 Strong St.		San Rafael	CA	97562	USA	NA	Nelson	Valarie	Small
10193	46	53.37	6	2455.02	11/21/2003 0:00	Shipped	4	11	2003	Vintage Cars	53	S18_1367	Australian Collectables, Ltd	61-9-3844-6555	7 Allen Street		Glen Waverly	Victoria	3150	Australia	APAC	Connery	Sean	Small
10205	48	63.61	1	3053.28	12/3/2003 0:00	Shipped	4	12	2003	Vintage Cars	53	S18_1367	Euro Shopping Channel	(91) 555 94 44	C/ Moralzarzal, 86		Madrid		28034	Spain	EMEA	Freyre	Diego	Medium
10215	33	43.13	9	1423.29	1/29/2004 0:00	Shipped	1	1	2004	Vintage Cars	53	S18_1367	West Coast Collectables Co.	3105553722	3675 Furth Circle		Burbank	CA	94019	USA	NA	Thompson	Steve	Small
10227	31	48.52	2	1504.12	3/2/2004 0:00	Shipped	1	3	2004	Vintage Cars	53	S18_1367	Saveley & Henriot, Co.	78.32.5555	2, rue du Commerce		Lyon		69004	France	EMEA	Saveley	Mary	Small
10244	20	58.22	6	1164.4	4/29/2004 0:00	Shipped	2	4	2004	Vintage Cars	53	S18_1367	Euro Shopping Channel	(91) 555 94 44	C/ Moralzarzal, 86		Madrid		28034	Spain	EMEA	Freyre	Diego	Small
10256	29	51.75	1	1500.75	6/8/2004 0:00	Shipped	2	6	2004	Vintage Cars	53	S18_1367	Danish Wholesale Imports	31 12 3555	Vinb'ltet 34		Kobenhavn		1734	Denmark	EMEA	Petersen	Jytte	Small
10280	27	57.68	8	1557.36	8/17/2004 0:00	Shipped	3	8	2004	Vintage Cars	53	S18_1367	Amica Models & Co.	011-4988555	Via Monte Bianco 34		Torino		10100	Italy	EMEA	Accorti	Paolo	Small
10289	24	56.07	1	1345.68	9/3/2004 0:00	Shipped	3	9	2004	Vintage Cars	53	S18_1367	Herkku Gifts	+47 2267 3215	Drammen 121, PR 744 Sentrum		Bergen		N 5804	Norway	EMEA	Oeztan	Veysel	Small
10304	37	48.52	12	1795.24	10/11/2004 0:00	Shipped	4	10	2004	Vintage Cars	53	S18_1367	Auto Assoc. & Cie.	30.59.8555	67, avenue de l'Europe		Versailles		78000	France	EMEA	Tonini	Daniel	Small
10312	25	44.21	9	1105.25	10/21/2004 0:00	Shipped	4	10	2004	Vintage Cars	53	S18_1367	Mini Gifts Distributors Ltd.	4155551450	5677 Strong St.		San Rafael	CA	97562	USA	NA	Nelson	Valarie	Small
10322	41	57.68	5	2364.88	11/4/2004 0:00	Shipped	4	11	2004	Vintage Cars	53	S18_1367	Online Diecast Creations Co.	6035558647	2304 Long Airport Avenue		Nashua	NH	62005	USA	NA	Young	Valarie	Small
10332	27	89.89	16	2427.03	11/17/2004 0:00	Shipped	4	11	2004	Vintage Cars	53	S18_1367	AV Stores, Co.	(171) 555-1555	Fauntleroy Circus		Manchester		EC2 5NT	UK	EMEA	Ashworth	Victoria	Small
10347	21	58.95	7	1237.95	11/29/2004 0:00	Shipped	4	11	2004	Vintage Cars	53	S18_1367	Australian Collectors, Co.	03 9520 4555	636 St Kilda Road	Level 3	Melbourne	Victoria	3004	Australia	APAC	Ferguson	Peter	Small
10356	22	72.41	6	1593.02	12/9/2004 0:00	Shipped	4	12	2004	Vintage Cars	53	S18_1367	Lyon Souveniers	+33 1 46 62 7555	27 rue du Colonel Pierre Avia		Paris		75508	France	EMEA	Da Cunha	Daniel	Small
10369	32	98.63	7	3156.16	1/20/2005 0:00	Shipped	1	1	2005	Vintage Cars	53	S18_1367	Collectables For Less Inc.	6175558555	7825 Douglas Av.		Brickhaven	MA	58339	USA	NA	Nelson	Allen	Medium
10381	25	52.83	9	1320.75	2/17/2005 0:00	Shipped	1	2	2005	Vintage Cars	53	S18_1367	Corporate Gift Ideas Co.	6505551386	7734 Strong St.		San Francisco	CA		USA	NA	Brown	Julie	Small
10391	42	100	3	4998	3/9/2005 0:00	Shipped	1	3	2005	Vintage Cars	53	S18_1367	Anna's Decorations, Ltd	02 9936 8555	201 Miller Street	Level 15	North Sydney	NSW	2060	Australia	APAC	O'Hara	Anna	Medium
10422	25	51.75	1	1293.75	5/30/2005 0:00	In Process	2	5	2005	Vintage Cars	53	S18_1367	Diecast Classics Inc.	2155551555	7586 Pompton St.		Allentown	PA	70267	USA	NA	Yu	Kyung	Small
10110	37	100	16	5433.08	3/18/2003 0:00	Shipped	1	3	2003	Classic Cars	124	S18_1589	AV Stores, Co.	(171) 555-1555	Fauntleroy Circus		Manchester		EC2 5NT	UK	EMEA	Ashworth	Victoria	Medium
10123	26	100	2	3073.72	5/20/2003 0:00	Shipped	2	5	2003	Classic Cars	124	S18_1589	Atelier graphique	40.32.2555	54, rue Royale		Nantes		44000	France	EMEA	Schmitt	Carine	Medium
10137	44	99.55	2	4380.2	7/10/2003 0:00	Shipped	3	7	2003	Classic Cars	124	S18_1589	Reims Collectables	26.47.1555	59 rue de l'Abbaye		Reims		51100	France	EMEA	Henriot	Paul	Medium
10148	47	100	9	5848.68	9/11/2003 0:00	Shipped	3	9	2003	Classic Cars	124	S18_1589	Anna's Decorations, Ltd	02 9936 8555	201 Miller Street	Level 15	North Sydney	NSW	2060	Australia	APAC	O'Hara	Anna	Medium
10161	43	100	8	6153.73	10/17/2003 0:00	Shipped	4	10	2003	Classic Cars	124	S18_1589	Heintze Collectables	86 21 3555	Smagsloget 45		Aaarhus		8200	Denmark	EMEA	Ibsen	Palle	Medium
10172	42	100	6	4965.24	11/5/2003 0:00	Shipped	4	11	2003	Classic Cars	124	S18_1589	Gift Depot Inc.	2035552570	25593 South Bay Ln.		Bridgewater	CT	97562	USA	NA	King	Julie	Medium
10181	42	100	2	5435.64	11/12/2003 0:00	Shipped	4	11	2003	Classic Cars	124	S18_1589	Herkku Gifts	+47 2267 3215	Drammen 121, PR 744 Sentrum		Bergen		N 5804	Norway	EMEA	Oeztan	Veysel	Medium
10192	29	100	7	4258.36	11/20/2003 0:00	Shipped	4	11	2003	Classic Cars	124	S18_1589	Online Diecast Creations Co.	6035558647	2304 Long Airport Avenue		Nashua	NH	62005	USA	NA	Young	Valarie	Medium
10204	40	100	13	4032	12/2/2003 0:00	Shipped	4	12	2003	Classic Cars	124	S18_1589	Muscle Machine Inc	2125557413	4092 Furth Circle	Suite 400	NYC	NY	10022	USA	NA	Young	Jeff	Medium
10212	38	100	6	4492.36	1/16/2004 0:00	Shipped	1	1	2004	Classic Cars	124	S18_1589	Euro Shopping Channel	(91) 555 94 44	C/ Moralzarzal, 86		Madrid		28034	Spain	EMEA	Freyre	Diego	Medium
10226	38	100	4	4161.38	2/26/2004 0:00	Shipped	1	2	2004	Classic Cars	124	S18_1589	Collectable Mini Designs Co.	7605558146	361 Furth Circle		San Diego	CA	91217	USA	NA	Thompson	Valarie	Medium
10241	21	100	11	2508.66	4/13/2004 0:00	Shipped	2	4	2004	Classic Cars	124	S18_1589	Mini Caravy	88.60.1555	24, place Kluber		Strasbourg		67000	France	EMEA	Citeaux	Frederique	Small
10253	24	100	1	3374.88	6/1/2004 0:00	Cancelled	2	6	2004	Classic Cars	124	S18_1589	UK Collectables, Ltd.	(171) 555-2282	Berkeley Gardens 12  Brewery		Liverpool		WX1 6LT	UK	EMEA	Devon	Elizabeth	Medium
10266	36	100	2	5196.6	7/6/2004 0:00	Shipped	3	7	2004	Classic Cars	124	S18_1589	L'ordine Souveniers	0522-556555	Strada Provinciale 124		Reggio Emilia		42100	Italy	EMEA	Moroni	Maurizio	Medium
10278	23	100	2	2604.52	8/6/2004 0:00	Shipped	3	8	2004	Classic Cars	124	S18_1589	Signal Gift Stores	7025551838	8489 Strong St.		Las Vegas	NV	83030	USA	NA	King	Sue	Small
10288	20	100	14	2936.8	9/1/2004 0:00	Shipped	3	9	2004	Classic Cars	124	S18_1589	Handji Gifts& Co	+65 224 1555	Village Close - 106 Linden Road Sandown	2nd Floor	Singapore		69045	Singapore	APAC	Victorino	Wendy	Small
10301	32	100	4	3424.64	10/5/2003 0:00	Shipped	4	10	2003	Classic Cars	124	S18_1589	Norway Gifts By Mail, Co.	+47 2212 1555	Drammensveien 126 A, PB 744 Sentrum		Oslo		N 0106	Norway	EMEA	Klaeboe	Jan	Medium
10311	29	100	9	2923.2	10/16/2004 0:00	Shipped	4	10	2004	Classic Cars	124	S18_1589	Euro Shopping Channel	(91) 555 94 44	C/ Moralzarzal, 86		Madrid		28034	Spain	EMEA	Freyre	Diego	Small
10321	44	100	6	4489.76	11/4/2004 0:00	Shipped	4	11	2004	Classic Cars	124	S18_1589	FunGiftIdeas.com	5085552555	1785 First Street		New Bedford	MA	50553	USA	NA	Benitez	Violeta	Medium
10331	44	100	14	4849.24	11/17/2004 0:00	Shipped	4	11	2004	Classic Cars	124	S18_1589	Motor Mint Distributors Inc.	2155559857	11328 Douglas Av.		Philadelphia	PA	71270	USA	NA	Hernandez	Rosa	Medium
10343	36	100	4	5848.92	11/24/2004 0:00	Shipped	4	11	2004	Classic Cars	124	S18_1589	Reims Collectables	26.47.1555	59 rue de l'Abbaye		Reims		51100	France	EMEA	Henriot	Paul	Medium
10367	49	56.3	1	2758.7	1/12/2005 0:00	Resolved	1	1	2005	Classic Cars	124	S18_1589	Toys4GrownUps.com	6265557265	78934 Hillside Dr.		Pasadena	CA	90003	USA	NA	Young	Julie	Small
10378	34	42.64	5	1449.76	2/10/2005 0:00	Shipped	1	2	2005	Classic Cars	124	S18_1589	Euro Shopping Channel	(91) 555 94 44	C/ Moralzarzal, 86		Madrid		28034	Spain	EMEA	Freyre	Diego	Small
10407	59	100	11	7048.14	4/22/2005 0:00	On Hold	2	4	2005	Classic Cars	124	S18_1589	The Sharp Gifts Warehouse	4085553659	3086 Ingle Ln.		San Jose	CA	94217	USA	NA	Frick	Sue	Large
10419	37	100	1	5202.94	5/17/2005 0:00	Shipped	2	5	2005	Classic Cars	124	S18_1589	Salzburg Collectables	6562-9555	Geislweg 14		Salzburg		5020	Austria	EMEA	Pipps	Georg	Medium
10106	36	100	12	5279.4	2/17/2003 0:00	Shipped	1	2	2003	Planes	157	S18_1662	Rovelli Gifts	035-640555	Via Ludovico il Moro 22		Bergamo		24100	Italy	EMEA	Rovelli	Giovanni	Medium
10119	43	100	3	6916.12	4/28/2003 0:00	Shipped	2	4	2003	Planes	157	S18_1662	Salzburg Collectables	6562-9555	Geislweg 14		Salzburg		5020	Austria	EMEA	Pipps	Georg	Medium
10131	21	100	4	2781.66	6/16/2003 0:00	Shipped	2	6	2003	Planes	157	S18_1662	Gift Ideas Corp.	2035554407	2440 Pompton St.		Glendale	CT	97561	USA	NA	Lewis	Dan	Small
10143	32	100	7	5248	8/10/2003 0:00	Shipped	3	8	2003	Planes	157	S18_1662	Mini Creations Ltd.	5085559555	4575 Hillside Dr.		New Bedford	MA	50553	USA	NA	Tam	Wing C	Medium
10155	38	100	5	6531.44	10/6/2003 0:00	Shipped	4	10	2003	Planes	157	S18_1662	Toys of Finland, Co.	90-224 8555	Keskuskatu 45		Helsinki		21240	Finland	EMEA	Karttunen	Matti	Medium
10167	43	100	1	5763.72	10/23/2003 0:00	Cancelled	4	10	2003	Planes	157	S18_1662	Scandinavian Gift Ideas	0695-34 6555	?kergatan 24		Boras		S-844 67	Sweden	EMEA	Larsson	Maria	Medium
10178	42	100	4	6490.68	11/8/2003 0:00	Shipped	4	11	2003	Planes	157	S18_1662	Alpha Cognac	61.77.6555	1 rue Alsace-Lorraine		Toulouse		31000	France	EMEA	Roulet	Annette	Medium
10186	32	100	1	6004.8	11/14/2003 0:00	Shipped	4	11	2003	Planes	157	S18_1662	Double Decker Gift Stores, Ltd	(171) 555-7555	120 Hanover Sq.		London		WA1 1DP	UK	EMEA	Hardy	Thomas	Medium
10198	42	100	4	7483.98	11/27/2003 0:00	Shipped	4	11	2003	Planes	157	S18_1662	Cruz & Sons Co.	+63 2 555 3587	15 McCallum Street - NatWest Center #13-03		Makati City		1227 MM	Philippines	Japan	Cruz	Arnold	Large
10210	31	100	17	5719.5	1/12/2004 0:00	Shipped	1	1	2004	Planes	157	S18_1662	Osaka Souveniers Co.	+81 06 6342 5555	Dojima Avanza 4F, 1-6-20 Dojima, Kita-ku		Osaka	Osaka	530-0003	Japan	Japan	Kentary	Mory	Medium
10222	49	100	4	6954.08	2/19/2004 0:00	Shipped	1	2	2004	Planes	157	S18_1662	Collectable Mini Designs Co.	7605558146	361 Furth Circle		San Diego	CA	91217	USA	NA	Thompson	Valarie	Medium
10250	45	100	14	8160.3	5/11/2004 0:00	Shipped	2	5	2004	Planes	157	S18_1662	The Sharp Gifts Warehouse	4085553659	3086 Ingle Ln.		San Jose	CA	94217	USA	NA	Frick	Sue	Large
10262	49	100	9	6567.96	6/24/2004 0:00	Cancelled	2	6	2004	Planes	157	S18_1662	Euro Shopping Channel	(91) 555 94 44	C/ Moralzarzal, 86		Madrid		28034	Spain	EMEA	Freyre	Diego	Medium
10274	41	100	1	6724	7/21/2004 0:00	Shipped	3	7	2004	Planes	157	S18_1662	Collectables For Less Inc.	6175558555	7825 Douglas Av.		Brickhaven	MA	58339	USA	NA	Nelson	Allen	Medium
10284	45	100	11	5747.85	8/21/2004 0:00	Shipped	3	8	2004	Planes	157	S18_1662	Norway Gifts By Mail, Co.	+47 2212 1555	Drammensveien 126 A, PB 744 Sentrum		Oslo		N 0106	Norway	EMEA	Klaeboe	Jan	Medium
10296	36	100	7	5676.84	9/15/2004 0:00	Shipped	3	9	2004	Planes	157	S18_1662	Bavarian Collectables Imports, Co.	+49 89 61 08 9555	Hansastr. 15		Munich		80686	Germany	EMEA	Donnermeyer	Michael	Medium
10307	39	100	1	7379.97	10/14/2004 0:00	Shipped	4	10	2004	Planes	157	S18_1662	Classic Gift Ideas, Inc	2155554695	782 First Street		Philadelphia	PA	71270	USA	NA	Cervantes	Francisca	Large
10316	27	100	9	3704.13	11/1/2004 0:00	Shipped	4	11	2004	Planes	157	S18_1662	giftsbymail.co.uk	(198) 555-8888	Garden House Crowther Way		Cowes	Isle of Wight	PO31 7PJ	UK	EMEA	Bennett	Helen	Medium
10327	25	100	6	2804.75	11/10/2004 0:00	Resolved	4	11	2004	Planes	157	S18_1662	Danish Wholesale Imports	31 12 3555	Vinb'ltet 34		Kobenhavn		1734	Denmark	EMEA	Petersen	Jytte	Small
10338	41	100	1	5624.79	11/22/2004 0:00	Shipped	4	11	2004	Planes	157	S18_1662	Royale Belge	(071) 23 67 2555	Boulevard Tirou, 255		Charleroi		B-6000	Belgium	EMEA	Cartrain	Pascale	Medium
10351	39	99.52	1	3881.28	12/3/2004 0:00	Shipped	4	12	2004	Planes	157	S18_1662	Stylish Desk Decors, Co.	(171) 555-0297	35 King George		London		WX3 6FW	UK	EMEA	Brown	Ann	Medium
10373	28	57.55	4	1611.4	1/31/2005 0:00	Shipped	1	1	2005	Planes	157	S18_1662	Oulu Toy Supplies, Inc.	981-443655	Torikatu 38		Oulu		90110	Finland	EMEA	Koskitalo	Pirkko	Small
10386	25	54.57	7	1364.25	3/1/2005 0:00	Resolved	1	3	2005	Planes	157	S18_1662	Euro Shopping Channel	(91) 555 94 44	C/ Moralzarzal, 86		Madrid		28034	Spain	EMEA	Freyre	Diego	Small
10398	33	100	11	4215.09	3/30/2005 0:00	Shipped	1	3	2005	Planes	157	S18_1662	Reims Collectables	26.47.1555	59 rue de l'Abbaye		Reims		51100	France	EMEA	Henriot	Paul	Medium
10400	34	100	1	6433.82	4/1/2005 0:00	Shipped	2	4	2005	Planes	157	S18_1662	The Sharp Gifts Warehouse	4085553659	3086 Ingle Ln.		San Jose	CA	94217	USA	NA	Frick	Sue	Medium
10416	24	100	14	4352.16	5/10/2005 0:00	Shipped	2	5	2005	Planes	157	S18_1662	L'ordine Souveniers	0522-556555	Strada Provinciale 124		Reggio Emilia		42100	Italy	EMEA	Moroni	Maurizio	Medium
10100	30	100	3	5151	1/6/2003 0:00	Shipped	1	1	2003	Vintage Cars	170	S18_1749	Online Diecast Creations Co.	6035558647	2304 Long Airport Avenue		Nashua	NH	62005	USA	NA	Young	Valarie	Medium
10110	42	100	7	6069	3/18/2003 0:00	Shipped	1	3	2003	Vintage Cars	170	S18_1749	AV Stores, Co.	(171) 555-1555	Fauntleroy Circus		Manchester		EC2 5NT	UK	EMEA	Ashworth	Victoria	Medium
10124	21	100	6	2856	5/21/2003 0:00	Shipped	2	5	2003	Vintage Cars	170	S18_1749	Signal Gift Stores	7025551838	8489 Strong St.		Las Vegas	NV	83030	USA	NA	King	Sue	Small
10149	34	100	11	5375.4	9/12/2003 0:00	Shipped	3	9	2003	Vintage Cars	170	S18_1749	Signal Collectibles Ltd.	4155554312	2793 Furth Circle		Brisbane	CA	94217	USA	NA	Taylor	Sue	Medium
10162	29	100	9	5176.5	10/18/2003 0:00	Shipped	4	10	2003	Vintage Cars	170	S18_1749	Corporate Gift Ideas Co.	6505551386	7734 Strong St.		San Francisco	CA		USA	NA	Brown	Julie	Medium
10173	24	100	13	3508.8	11/5/2003 0:00	Shipped	4	11	2003	Vintage Cars	170	S18_1749	Rovelli Gifts	035-640555	Via Ludovico il Moro 22		Bergamo		24100	Italy	EMEA	Rovelli	Giovanni	Medium
10182	44	100	10	7554.8	11/12/2003 0:00	Shipped	4	11	2003	Vintage Cars	170	S18_1749	Mini Gifts Distributors Ltd.	4155551450	5677 Strong St.		San Rafael	CA	97562	USA	NA	Nelson	Valarie	Large
10193	21	100	14	3141.6	11/21/2003 0:00	Shipped	4	11	2003	Vintage Cars	170	S18_1749	Australian Collectables, Ltd	61-9-3844-6555	7 Allen Street		Glen Waverly	Victoria	3150	Australia	APAC	Connery	Sean	Medium
10204	33	100	4	5890.5	12/2/2003 0:00	Shipped	4	12	2003	Vintage Cars	170	S18_1749	Muscle Machine Inc	2125557413	4092 Furth Circle	Suite 400	NYC	NY	10022	USA	NA	Young	Jeff	Medium
10214	30	100	7	5967	1/26/2004 0:00	Shipped	1	1	2004	Vintage Cars	170	S18_1749	Corrida Auto Replicas, Ltd	(91) 555 22 82	C/ Araquil, 67		Madrid		28023	Spain	EMEA	Sommer	FALSE	Medium
10227	26	100	10	3712.8	3/2/2004 0:00	Shipped	1	3	2004	Vintage Cars	170	S18_1749	Saveley & Henriot, Co.	78.32.5555	2, rue du Commerce		Lyon		69004	France	EMEA	Saveley	Mary	Medium
10241	41	100	2	7597.3	4/13/2004 0:00	Shipped	2	4	2004	Vintage Cars	170	S18_1749	Mini Caravy	88.60.1555	24, place Kluber		Strasbourg		67000	France	EMEA	Citeaux	Frederique	Large
10280	26	100	16	3668.6	8/17/2004 0:00	Shipped	3	8	2004	Vintage Cars	170	S18_1749	Amica Models & Co.	011-4988555	Via Monte Bianco 34		Torino		10100	Italy	EMEA	Accorti	Paolo	Medium
10288	32	100	5	5875.2	9/1/2004 0:00	Shipped	3	9	2004	Vintage Cars	170	S18_1749	Handji Gifts& Co	+65 224 1555	Village Close - 106 Linden Road Sandown	2nd Floor	Singapore		69045	Singapore	APAC	Victorino	Wendy	Medium
10302	43	100	1	7310	10/6/2003 0:00	Shipped	4	10	2003	Vintage Cars	170	S18_1749	UK Collectables, Ltd.	(171) 555-2282	Berkeley Gardens 12  Brewery		Liverpool		WX1 6LT	UK	EMEA	Devon	Elizabeth	Large
10312	48	100	17	8078.4	10/21/2004 0:00	Shipped	4	10	2004	Vintage Cars	170	S18_1749	Mini Gifts Distributors Ltd.	4155551450	5677 Strong St.		San Rafael	CA	97562	USA	NA	Nelson	Valarie	Large
10331	44	74.04	7	3257.76	11/17/2004 0:00	Shipped	4	11	2004	Vintage Cars	170	S18_1749	Motor Mint Distributors Inc.	2155559857	11328 Douglas Av.		Philadelphia	PA	71270	USA	NA	Hernandez	Rosa	Medium
10344	45	100	1	7650	11/25/2004 0:00	Shipped	4	11	2004	Vintage Cars	170	S18_1749	Marseille Mini Autos	91.24.4555	12, rue des Bouchers		Marseille		13008	France	EMEA	Lebihan	Laurence	Large
10367	37	100	3	4703.81	1/12/2005 0:00	Resolved	1	1	2005	Vintage Cars	170	S18_1749	Toys4GrownUps.com	6265557265	78934 Hillside Dr.		Pasadena	CA	90003	USA	NA	Young	Julie	Medium
10379	39	100	2	5399.55	2/10/2005 0:00	Shipped	1	2	2005	Vintage Cars	170	S18_1749	Euro Shopping Channel	(91) 555 94 44	C/ Moralzarzal, 86		Madrid		28034	Spain	EMEA	Freyre	Diego	Medium
10407	76	100	2	14082.8	4/22/2005 0:00	On Hold	2	4	2005	Vintage Cars	170	S18_1749	The Sharp Gifts Warehouse	4085553659	3086 Ingle Ln.		San Jose	CA	94217	USA	NA	Frick	Sue	Large
10420	37	100	5	5283.6	5/29/2005 0:00	In Process	2	5	2005	Vintage Cars	170	S18_1749	Souveniers And Things Co.	+61 2 9495 8555	Monitor Money Building, 815 Pacific Hwy	Level 6	Chatswood	NSW	2067	Australia	APAC	Huxley	Adrian	Medium
10108	38	82.39	2	3130.82	3/3/2003 0:00	Shipped	1	3	2003	Classic Cars	77	S18_1889	Cruz & Sons Co.	+63 2 555 3587	15 McCallum Street - NatWest Center #13-03		Makati City		1227 MM	Philippines	Japan	Cruz	Arnold	Medium
10122	43	72.38	6	3112.34	5/8/2003 0:00	Shipped	2	5	2003	Classic Cars	77	S18_1889	Marseille Mini Autos	91.24.4555	12, rue des Bouchers		Marseille		13008	France	EMEA	Lebihan	Laurence	Medium
10135	48	79.31	3	3806.88	7/2/2003 0:00	Shipped	3	7	2003	Classic Cars	77	S18_1889	Mini Gifts Distributors Ltd.	4155551450	5677 Strong St.		San Rafael	CA	97562	USA	NA	Nelson	Valarie	Medium
10147	26	82.39	3	2142.14	9/5/2003 0:00	Shipped	3	9	2003	Classic Cars	77	S18_1889	Collectables For Less Inc.	6175558555	7825 Douglas Av.		Brickhaven	MA	58339	USA	NA	Nelson	Allen	Small
10160	38	88.55	4	3364.9	10/11/2003 0:00	Shipped	4	10	2003	Classic Cars	77	S18_1889	Men 'R' US Retailers, Ltd.	2155554369	6047 Douglas Av.		Los Angeles	CA		USA	NA	Chandler	Michael	Medium
10170	20	63.14	2	1262.8	11/4/2003 0:00	Shipped	4	11	2003	Classic Cars	77	S18_1889	Mini Auto Werke	7675-3555	Kirchgasse 6		Graz		8010	Austria	EMEA	Mendel	Roland	Small
10181	22	73.92	10	1626.24	11/12/2003 0:00	Shipped	4	11	2003	Classic Cars	77	S18_1889	Herkku Gifts	+47 2267 3215	Drammen 121, PR 744 Sentrum		Bergen		N 5804	Norway	EMEA	Oeztan	Veysel	Small
10192	45	90.86	15	4088.7	11/20/2003 0:00	Shipped	4	11	2003	Classic Cars	77	S18_1889	Online Diecast Creations Co.	6035558647	2304 Long Airport Avenue		Nashua	NH	62005	USA	NA	Young	Valarie	Medium
10203	45	85.47	4	3846.15	12/2/2003 0:00	Shipped	4	12	2003	Classic Cars	77	S18_1889	Euro Shopping Channel	(91) 555 94 44	C/ Moralzarzal, 86		Madrid		28034	Spain	EMEA	Freyre	Diego	Medium
10212	20	66.99	14	1339.8	1/16/2004 0:00	Shipped	1	1	2004	Classic Cars	77	S18_1889	Euro Shopping Channel	(91) 555 94 44	C/ Moralzarzal, 86		Madrid		28034	Spain	EMEA	Freyre	Diego	Small
10225	47	64.68	5	3039.96	2/22/2004 0:00	Shipped	1	2	2004	Classic Cars	77	S18_1889	Vida Sport, Ltd	0897-034555	Grenzacherweg 237		Gensve		1203	Switzerland	EMEA	Holz	Michael	Medium
10239	46	73.92	4	3400.32	4/12/2004 0:00	Shipped	2	4	2004	Classic Cars	77	S18_1889	Oulu Toy Supplies, Inc.	981-443655	Torikatu 38		Oulu		90110	Finland	EMEA	Koskitalo	Pirkko	Medium
10253	23	83.93	9	1930.39	6/1/2004 0:00	Cancelled	2	6	2004	Classic Cars	77	S18_1889	UK Collectables, Ltd.	(171) 555-2282	Berkeley Gardens 12  Brewery		Liverpool		WX1 6LT	UK	EMEA	Devon	Elizabeth	Small
10266	33	74.69	10	2464.77	7/6/2004 0:00	Shipped	3	7	2004	Classic Cars	77	S18_1889	L'ordine Souveniers	0522-556555	Strada Provinciale 124		Reggio Emilia		42100	Italy	EMEA	Moroni	Maurizio	Small
10278	29	90.86	10	2634.94	8/6/2004 0:00	Shipped	3	8	2004	Classic Cars	77	S18_1889	Signal Gift Stores	7025551838	8489 Strong St.		Las Vegas	NV	83030	USA	NA	King	Sue	Small
10287	44	82.39	8	3625.16	8/30/2004 0:00	Shipped	3	8	2004	Classic Cars	77	S18_1889	Vida Sport, Ltd	0897-034555	Grenzacherweg 237		Gensve		1203	Switzerland	EMEA	Holz	Michael	Medium
10300	41	92.4	1	3788.4	10/4/2003 0:00	Shipped	4	10	2003	Classic Cars	77	S18_1889	Blauer See Auto, Co.	+49 69 66 90 2555	Lyonerstr. 34		Frankfurt		60528	Germany	EMEA	Keitel	Roland	Medium
10310	20	91.63	6	1832.6	10/16/2004 0:00	Shipped	4	10	2004	Classic Cars	77	S18_1889	Toms Spezialitten, Ltd	0221-5554327	Mehrheimerstr. 369		Koln		50739	Germany	EMEA	Pfalzheim	Henriette	Small
10321	37	78.54	14	2905.98	11/4/2004 0:00	Shipped	4	11	2004	Classic Cars	77	S18_1889	FunGiftIdeas.com	5085552555	1785 First Street		New Bedford	MA	50553	USA	NA	Benitez	Violeta	Small
10329	29	100	9	2954.81	11/15/2004 0:00	Shipped	4	11	2004	Classic Cars	77	S18_1889	Land of Toys Inc.	2125557818	897 Long Airport Avenue		NYC	NY	10022	USA	NA	Yu	Kwai	Small
10342	55	65.45	1	3599.75	11/24/2004 0:00	Shipped	4	11	2004	Classic Cars	77	S18_1889	Australian Collectors, Co.	03 9520 4555	636 St Kilda Road	Level 3	Melbourne	Victoria	3004	Australia	APAC	Ferguson	Peter	Medium
10363	22	100	7	3686.54	1/6/2005 0:00	Shipped	1	1	2005	Classic Cars	77	S18_1889	Suominen Souveniers	+358 9 8045 555	Software Engineering Center, SEC Oy		Espoo		FIN-02271	Finland	EMEA	Suominen	Kalle	Medium
10377	31	67.76	4	2100.56	2/9/2005 0:00	Shipped	1	2	2005	Classic Cars	77	S18_1889	Toys of Finland, Co.	90-224 8555	Keskuskatu 45		Helsinki		21240	Finland	EMEA	Karttunen	Matti	Small
10389	49	79.22	3	3881.78	3/3/2005 0:00	Shipped	1	3	2005	Classic Cars	77	S18_1889	Scandinavian Gift Ideas	0695-34 6555	?kergatan 24		Boras		S-844 67	Sweden	EMEA	Larsson	Maria	Medium
10405	61	73.92	4	4509.12	4/14/2005 0:00	Shipped	2	4	2005	Classic Cars	77	S18_1889	Mini Caravy	88.60.1555	24, place Kluber		Strasbourg		67000	France	EMEA	Citeaux	Frederique	Medium
10419	39	83.93	9	3273.27	5/17/2005 0:00	Shipped	2	5	2005	Classic Cars	77	S18_1889	Salzburg Collectables	6562-9555	Geislweg 14		Salzburg		5020	Austria	EMEA	Pipps	Georg	Medium
10109	38	100	3	4432.7	3/10/2003 0:00	Shipped	1	3	2003	Classic Cars	142	S18_1984	Motor Mint Distributors Inc.	2155559857	11328 Douglas Av.		Philadelphia	PA	71270	USA	NA	Hernandez	Rosa	Medium
10122	31	100	1	4100.99	5/8/2003 0:00	Shipped	2	5	2003	Classic Cars	142	S18_1984	Marseille Mini Autos	91.24.4555	12, rue des Bouchers		Marseille		13008	France	EMEA	Lebihan	Laurence	Medium
10136	36	100	1	5274.72	7/4/2003 0:00	Shipped	3	7	2003	Classic Cars	142	S18_1984	Alpha Cognac	61.77.6555	1 rue Alsace-Lorraine		Toulouse		31000	France	EMEA	Roulet	Annette	Medium
10148	25	100	12	4232	9/11/2003 0:00	Shipped	3	9	2003	Classic Cars	142	S18_1984	Anna's Decorations, Ltd	02 9936 8555	201 Miller Street	Level 15	North Sydney	NSW	2060	Australia	APAC	O'Hara	Anna	Medium
10161	48	100	11	6145.44	10/17/2003 0:00	Shipped	4	10	2003	Classic Cars	142	S18_1984	Heintze Collectables	86 21 3555	Smagsloget 45		Aaarhus		8200	Denmark	EMEA	Ibsen	Palle	Medium
10171	35	100	1	4680.2	11/5/2003 0:00	Shipped	4	11	2003	Classic Cars	142	S18_1984	Quebec Home Shopping Network	(514) 555-8054	43 rue St. Laurent		Montreal	Quebec	H1J 1C3	Canada	NA	Fresnisre	Jean	Medium
10181	21	100	5	3286.08	11/12/2003 0:00	Shipped	4	11	2003	Classic Cars	142	S18_1984	Herkku Gifts	+47 2267 3215	Drammen 121, PR 744 Sentrum		Bergen		N 5804	Norway	EMEA	Oeztan	Veysel	Medium
10192	47	100	10	7421.3	11/20/2003 0:00	Shipped	4	11	2003	Classic Cars	142	S18_1984	Online Diecast Creations Co.	6035558647	2304 Long Airport Avenue		Nashua	NH	62005	USA	NA	Young	Valarie	Large
10204	38	100	16	6432.64	12/2/2003 0:00	Shipped	4	12	2003	Classic Cars	142	S18_1984	Muscle Machine Inc	2125557413	4092 Furth Circle	Suite 400	NYC	NY	10022	USA	NA	Young	Jeff	Medium
10212	41	100	9	4840.87	1/16/2004 0:00	Shipped	1	1	2004	Classic Cars	142	S18_1984	Euro Shopping Channel	(91) 555 94 44	C/ Moralzarzal, 86		Madrid		28034	Spain	EMEA	Freyre	Diego	Medium
10226	24	100	7	3892.08	2/26/2004 0:00	Shipped	1	2	2004	Classic Cars	142	S18_1984	Collectable Mini Designs Co.	7605558146	361 Furth Circle		San Diego	CA	91217	USA	NA	Thompson	Valarie	Medium
10240	37	100	2	5526.32	4/13/2004 0:00	Shipped	2	4	2004	Classic Cars	142	S18_1984	Osaka Souveniers Co.	+81 06 6342 5555	Dojima Avanza 4F, 1-6-20 Dojima, Kita-ku		Osaka	Osaka	530-0003	Japan	Japan	Kentary	Mory	Medium
10253	33	100	4	4459.62	6/1/2004 0:00	Cancelled	2	6	2004	Classic Cars	142	S18_1984	UK Collectables, Ltd.	(171) 555-2282	Berkeley Gardens 12  Brewery		Liverpool		WX1 6LT	UK	EMEA	Devon	Elizabeth	Medium
10266	49	100	5	6203.4	7/6/2004 0:00	Shipped	3	7	2004	Classic Cars	142	S18_1984	L'ordine Souveniers	0522-556555	Strada Provinciale 124		Reggio Emilia		42100	Italy	EMEA	Moroni	Maurizio	Medium
10278	29	100	5	3754.05	8/6/2004 0:00	Shipped	3	8	2004	Classic Cars	142	S18_1984	Signal Gift Stores	7025551838	8489 Strong St.		Las Vegas	NV	83030	USA	NA	King	Sue	Medium
10287	24	100	3	3516.48	8/30/2004 0:00	Shipped	3	8	2004	Classic Cars	142	S18_1984	Vida Sport, Ltd	0897-034555	Grenzacherweg 237		Gensve		1203	Switzerland	EMEA	Holz	Michael	Medium
10301	47	100	7	7488.04	10/5/2003 0:00	Shipped	4	10	2003	Classic Cars	142	S18_1984	Norway Gifts By Mail, Co.	+47 2212 1555	Drammensveien 126 A, PB 744 Sentrum		Oslo		N 0106	Norway	EMEA	Klaeboe	Jan	Large
10310	24	100	1	3448.08	10/16/2004 0:00	Shipped	4	10	2004	Classic Cars	142	S18_1984	Toms Spezialitten, Ltd	0221-5554327	Mehrheimerstr. 369		Koln		50739	Germany	EMEA	Pfalzheim	Henriette	Medium
10321	25	100	9	3734	11/4/2004 0:00	Shipped	4	11	2004	Classic Cars	142	S18_1984	FunGiftIdeas.com	5085552555	1785 First Street		New Bedford	MA	50553	USA	NA	Benitez	Violeta	Medium
10331	30	32.47	8	974.1	11/17/2004 0:00	Shipped	4	11	2004	Classic Cars	142	S18_1984	Motor Mint Distributors Inc.	2155559857	11328 Douglas Av.		Philadelphia	PA	71270	USA	NA	Hernandez	Rosa	Small
10342	22	100	3	3160.74	11/24/2004 0:00	Shipped	4	11	2004	Classic Cars	142	S18_1984	Australian Collectors, Co.	03 9520 4555	636 St Kilda Road	Level 3	Melbourne	Victoria	3004	Australia	APAC	Ferguson	Peter	Medium
10356	27	64.69	2	1746.63	12/9/2004 0:00	Shipped	4	12	2004	Classic Cars	142	S18_1984	Lyon Souveniers	+33 1 46 62 7555	27 rue du Colonel Pierre Avia		Paris		75508	France	EMEA	Da Cunha	Daniel	Small
10366	34	100	3	4207.84	1/10/2005 0:00	Shipped	1	1	2005	Classic Cars	142	S18_1984	Royale Belge	(071) 23 67 2555	Boulevard Tirou, 255		Charleroi		B-6000	Belgium	EMEA	Cartrain	Pascale	Medium
10377	36	100	6	4352.76	2/9/2005 0:00	Shipped	1	2	2005	Classic Cars	142	S18_1984	Toys of Finland, Co.	90-224 8555	Keskuskatu 45		Helsinki		21240	Finland	EMEA	Karttunen	Matti	Medium
10390	34	43.05	15	1463.7	3/4/2005 0:00	Shipped	1	3	2005	Classic Cars	142	S18_1984	Mini Gifts Distributors Ltd.	4155551450	5677 Strong St.		San Rafael	CA	97562	USA	NA	Nelson	Valarie	Small
10406	48	100	2	7169.28	4/15/2005 0:00	Disputed	2	4	2005	Classic Cars	142	S18_1984	Danish Wholesale Imports	31 12 3555	Vinb'ltet 34		Kobenhavn		1734	Denmark	EMEA	Petersen	Jytte	Large
10419	34	100	4	4594.76	5/17/2005 0:00	Shipped	2	5	2005	Classic Cars	142	S18_1984	Salzburg Collectables	6562-9555	Geislweg 14		Salzburg		5020	Austria	EMEA	Pipps	Georg	Medium
10104	24	100	8	3457.92	1/31/2003 0:00	Shipped	1	1	2003	Classic Cars	163	S18_2238	Euro Shopping Channel	(91) 555 94 44	C/ Moralzarzal, 86		Madrid		28034	Spain	EMEA	Freyre	Diego	Medium
10115	46	100	4	7381.16	4/4/2003 0:00	Shipped	2	4	2003	Classic Cars	163	S18_2238	Classic Legends Inc.	2125558493	5905 Pompton St.	Suite 750	NYC	NY	10022	USA	NA	Hernandez	Maria	Large
10127	45	100	10	7146.9	6/3/2003 0:00	Shipped	2	6	2003	Classic Cars	163	S18_2238	Muscle Machine Inc	2125557413	4092 Furth Circle	Suite 400	NYC	NY	10022	USA	NA	Young	Jeff	Large
10141	39	100	4	5938.53	8/1/2003 0:00	Shipped	3	8	2003	Classic Cars	163	S18_2238	Suominen Souveniers	+358 9 8045 555	Software Engineering Center, SEC Oy		Espoo		FIN-02271	Finland	EMEA	Suominen	Kalle	Medium
10151	43	100	2	7110.91	9/21/2003 0:00	Shipped	3	9	2003	Classic Cars	163	S18_2238	Oulu Toy Supplies, Inc.	981-443655	Torikatu 38		Oulu		90110	Finland	EMEA	Koskitalo	Pirkko	Large
10165	29	100	11	5032.95	10/22/2003 0:00	Shipped	4	10	2003	Classic Cars	163	S18_2238	Dragon Souveniers, Ltd.	+65 221 7555	Bronz Sok., Bronz Apt. 3/6 Tesvikiye		Singapore		79903	Singapore	Japan	Natividad	Eric	Medium
10176	20	100	10	3667.6	11/6/2003 0:00	Shipped	4	11	2003	Classic Cars	163	S18_2238	L'ordine Souveniers	0522-556555	Strada Provinciale 124		Reggio Emilia		42100	Italy	EMEA	Moroni	Maurizio	Medium
10184	46	100	5	7381.16	11/14/2003 0:00	Shipped	4	11	2003	Classic Cars	163	S18_2238	Iberia Gift Imports, Corp.	(95) 555 82 82	C/ Romero, 33		Sevilla		41101	Spain	EMEA	Roel	Jose Pedro	Large
10195	27	100	5	5128.11	11/25/2003 0:00	Shipped	4	11	2003	Classic Cars	163	S18_2238	Mini Classics	9145554562	3758 North Pendale Street		White Plains	NY	24067	USA	NA	Frick	Steve	Medium
10207	44	100	6	7060.24	12/9/2003 0:00	Shipped	4	12	2003	Classic Cars	163	S18_2238	Diecast Collectables	6175552555	6251 Ingle Ln.		Boston	MA	51003	USA	NA	Franco	Valarie	Large
10219	43	100	1	8448.64	2/10/2004 0:00	Shipped	1	2	2004	Classic Cars	163	S18_2238	Signal Collectibles Ltd.	4155554312	2793 Furth Circle		Brisbane	CA	94217	USA	NA	Taylor	Sue	Large
10230	49	100	8	7300.51	3/15/2004 0:00	Shipped	1	3	2004	Classic Cars	163	S18_2238	Blauer See Auto, Co.	+49 69 66 90 2555	Lyonerstr. 34		Frankfurt		60528	Germany	EMEA	Keitel	Roland	Large
10246	40	100	4	6549.2	5/5/2004 0:00	Shipped	2	5	2004	Classic Cars	163	S18_2238	Euro Shopping Channel	(91) 555 94 44	C/ Moralzarzal, 86		Madrid		28034	Spain	EMEA	Freyre	Diego	Medium
10259	30	100	3	5697.9	6/15/2004 0:00	Shipped	2	6	2004	Classic Cars	163	S18_2238	Handji Gifts& Co	+65 224 1555	Village Close - 106 Linden Road Sandown	2nd Floor	Singapore		69045	Singapore	APAC	Victorino	Wendy	Medium
10271	50	100	4	9169	7/20/2004 0:00	Shipped	3	7	2004	Classic Cars	163	S18_2238	Mini Gifts Distributors Ltd.	4155551450	5677 Strong St.		San Rafael	CA	97562	USA	NA	Nelson	Valarie	Large
10282	23	100	13	3238.63	8/20/2004 0:00	Shipped	3	8	2004	Classic Cars	163	S18_2238	Mini Gifts Distributors Ltd.	4155551450	5677 Strong St.		San Rafael	CA	97562	USA	NA	Nelson	Valarie	Medium
10292	26	100	7	4554.94	9/8/2004 0:00	Shipped	3	9	2004	Classic Cars	163	S18_2238	Land of Toys Inc.	2125557818	897 Long Airport Avenue		NYC	NY	10022	USA	NA	Yu	Kwai	Medium
10305	27	100	4	3934.44	10/13/2004 0:00	Shipped	4	10	2004	Classic Cars	163	S18_2238	Marta's Replicas Co.	6175558555	39323 Spinnaker Dr.		Cambridge	MA	51247	USA	NA	Hernandez	Marta	Medium
10314	42	100	13	5776.26	10/22/2004 0:00	Shipped	4	10	2004	Classic Cars	163	S18_2238	Heintze Collectables	86 21 3555	Smagsloget 45		Aaarhus		8200	Denmark	EMEA	Ibsen	Palle	Medium
10324	47	100	8	7207.45	11/5/2004 0:00	Shipped	4	11	2004	Classic Cars	163	S18_2238	Vitachrome Inc.	2125551500	2678 Kingston Rd.	Suite 101	NYC	NY	10022	USA	NA	Frick	Michael	Large
10336	49	100	6	7460.74	11/20/2004 0:00	Shipped	4	11	2004	Classic Cars	163	S18_2238	La Corne D'abondance, Co.	(1) 42.34.2555	265, boulevard Charonne		Paris		75012	France	EMEA	Bertrand	Marie	Large
10349	38	100	8	6719.54	12/1/2004 0:00	Shipped	4	12	2004	Classic Cars	163	S18_2238	Muscle Machine Inc	2125557413	4092 Furth Circle	Suite 400	NYC	NY	10022	USA	NA	Young	Jeff	Medium
10358	20	100	10	2428	12/10/2004 0:00	Shipped	4	12	2004	Classic Cars	163	S18_2238	Euro Shopping Channel	(91) 555 94 44	C/ Moralzarzal, 86		Madrid		28034	Spain	EMEA	Freyre	Diego	Small
10371	25	100	7	2602.25	1/23/2005 0:00	Shipped	1	1	2005	Classic Cars	163	S18_2238	Mini Gifts Distributors Ltd.	4155551450	5677 Strong St.		San Rafael	CA	97562	USA	NA	Nelson	Valarie	Small
10382	25	88	5	2200	2/17/2005 0:00	Shipped	1	2	2005	Classic Cars	163	S18_2238	Mini Gifts Distributors Ltd.	4155551450	5677 Strong St.		San Rafael	CA	97562	USA	NA	Nelson	Valarie	Small
10412	41	100	4	6712.93	5/3/2005 0:00	Shipped	2	5	2005	Classic Cars	163	S18_2238	Euro Shopping Channel	(91) 555 94 44	C/ Moralzarzal, 86		Madrid		28034	Spain	EMEA	Freyre	Diego	Medium
10425	28	100	3	5318.04	5/31/2005 0:00	In Process	2	5	2005	Classic Cars	163	S18_2238	La Rochelle Gifts	40.67.8555	67, rue des Cinquante Otages		Nantes		44000	France	EMEA	Labrune	Janine	Medium
10100	50	67.8	2	3390	1/6/2003 0:00	Shipped	1	1	2003	Vintage Cars	60	S18_2248	Online Diecast Creations Co.	6035558647	2304 Long Airport Avenue		Nashua	NH	62005	USA	NA	Young	Valarie	Medium
10110	32	50.25	6	1608	3/18/2003 0:00	Shipped	1	3	2003	Vintage Cars	60	S18_2248	AV Stores, Co.	(171) 555-1555	Fauntleroy Circus		Manchester		EC2 5NT	UK	EMEA	Ashworth	Victoria	Small
10124	42	53.88	5	2262.96	5/21/2003 0:00	Shipped	2	5	2003	Vintage Cars	60	S18_2248	Signal Gift Stores	7025551838	8489 Strong St.		Las Vegas	NV	83030	USA	NA	King	Sue	Small
10149	24	62.36	10	1496.64	9/12/2003 0:00	Shipped	3	9	2003	Vintage Cars	60	S18_2248	Signal Collectibles Ltd.	4155554312	2793 Furth Circle		Brisbane	CA	94217	USA	NA	Taylor	Sue	Small
10162	27	69.62	8	1879.74	10/18/2003 0:00	Shipped	4	10	2003	Vintage Cars	60	S18_2248	Corporate Gift Ideas Co.	6505551386	7734 Strong St.		San Francisco	CA		USA	NA	Brown	Julie	Small
10173	26	57.51	12	1495.26	11/5/2003 0:00	Shipped	4	11	2003	Vintage Cars	60	S18_2248	Rovelli Gifts	035-640555	Via Ludovico il Moro 22		Bergamo		24100	Italy	EMEA	Rovelli	Giovanni	Small
10182	38	61.15	9	2323.7	11/12/2003 0:00	Shipped	4	11	2003	Vintage Cars	60	S18_2248	Mini Gifts Distributors Ltd.	4155551450	5677 Strong St.		San Rafael	CA	97562	USA	NA	Nelson	Valarie	Small
10193	42	59.33	13	2491.86	11/21/2003 0:00	Shipped	4	11	2003	Vintage Cars	60	S18_2248	Australian Collectables, Ltd	61-9-3844-6555	7 Allen Street		Glen Waverly	Victoria	3150	Australia	APAC	Connery	Sean	Small
10204	23	71.44	3	1643.12	12/2/2003 0:00	Shipped	4	12	2003	Vintage Cars	60	S18_2248	Muscle Machine Inc	2125557413	4092 Furth Circle	Suite 400	NYC	NY	10022	USA	NA	Young	Jeff	Small
10214	21	62.96	6	1322.16	1/26/2004 0:00	Shipped	1	1	2004	Vintage Cars	60	S18_2248	Corrida Auto Replicas, Ltd	(91) 555 22 82	C/ Araquil, 67		Madrid		28023	Spain	EMEA	Sommer	FALSE	Small
10227	28	50.85	9	1423.8	3/2/2004 0:00	Shipped	1	3	2004	Vintage Cars	60	S18_2248	Saveley & Henriot, Co.	78.32.5555	2, rue du Commerce		Lyon		69004	France	EMEA	Saveley	Mary	Small
10241	33	72.65	1	2397.45	4/13/2004 0:00	Shipped	2	4	2004	Vintage Cars	60	S18_2248	Mini Caravy	88.60.1555	24, place Kluber		Strasbourg		67000	France	EMEA	Citeaux	Frederique	Small
10280	25	62.96	15	1574	8/17/2004 0:00	Shipped	3	8	2004	Vintage Cars	60	S18_2248	Amica Models & Co.	011-4988555	Via Monte Bianco 34		Torino		10100	Italy	EMEA	Accorti	Paolo	Small
10288	28	61.75	4	1729	9/1/2004 0:00	Shipped	3	9	2004	Vintage Cars	60	S18_2248	Handji Gifts& Co	+65 224 1555	Village Close - 106 Linden Road Sandown	2nd Floor	Singapore		69045	Singapore	APAC	Victorino	Wendy	Small
10303	46	49.04	2	2255.84	10/6/2004 0:00	Shipped	4	10	2004	Vintage Cars	60	S18_2248	Iberia Gift Imports, Corp.	(95) 555 82 82	C/ Romero, 33		Sevilla		41101	Spain	EMEA	Roel	Jose Pedro	Small
10312	30	61.15	16	1834.5	10/21/2004 0:00	Shipped	4	10	2004	Vintage Cars	60	S18_2248	Mini Gifts Distributors Ltd.	4155551450	5677 Strong St.		San Rafael	CA	97562	USA	NA	Nelson	Valarie	Small
10332	38	84.25	9	3201.5	11/17/2004 0:00	Shipped	4	11	2004	Vintage Cars	60	S18_2248	AV Stores, Co.	(171) 555-1555	Fauntleroy Circus		Manchester		EC2 5NT	UK	EMEA	Ashworth	Victoria	Medium
10344	40	56.91	2	2276.4	11/25/2004 0:00	Shipped	4	11	2004	Vintage Cars	60	S18_2248	Marseille Mini Autos	91.24.4555	12, rue des Bouchers		Marseille		13008	France	EMEA	Lebihan	Laurence	Small
10367	45	100	4	8884.8	1/12/2005 0:00	Resolved	1	1	2005	Vintage Cars	60	S18_2248	Toys4GrownUps.com	6265557265	78934 Hillside Dr.		Pasadena	CA	90003	USA	NA	Young	Julie	Large
10379	27	49.3	1	1331.1	2/10/2005 0:00	Shipped	1	2	2005	Vintage Cars	60	S18_2248	Euro Shopping Channel	(91) 555 94 44	C/ Moralzarzal, 86		Madrid		28034	Spain	EMEA	Freyre	Diego	Small
10407	42	72.65	1	3051.3	4/22/2005 0:00	On Hold	2	4	2005	Vintage Cars	60	S18_2248	The Sharp Gifts Warehouse	4085553659	3086 Ingle Ln.		San Jose	CA	94217	USA	NA	Frick	Sue	Medium
10420	36	63.57	4	2288.52	5/29/2005 0:00	In Process	2	5	2005	Vintage Cars	60	S18_2248	Souveniers And Things Co.	+61 2 9495 8555	Monitor Money Building, 815 Pacific Hwy	Level 6	Chatswood	NSW	2067	Australia	APAC	Huxley	Adrian	Small
10104	29	100	12	3772.61	1/31/2003 0:00	Shipped	1	1	2003	Trucks and Buses	122	S18_2319	Euro Shopping Channel	(91) 555 94 44	C/ Moralzarzal, 86		Madrid		28034	Spain	EMEA	Freyre	Diego	Medium
10114	39	100	3	4164.42	4/1/2003 0:00	Shipped	2	4	2003	Trucks and Buses	122	S18_2319	La Corne D'abondance, Co.	(1) 42.34.2555	265, boulevard Charonne		Paris		75012	France	EMEA	Bertrand	Marie	Medium
10127	45	100	14	6295.95	6/3/2003 0:00	Shipped	2	6	2003	Trucks and Buses	122	S18_2319	Muscle Machine Inc	2125557413	4092 Furth Circle	Suite 400	NYC	NY	10022	USA	NA	Young	Jeff	Medium
10141	47	100	8	6287.66	8/1/2003 0:00	Shipped	3	8	2003	Trucks and Buses	122	S18_2319	Suominen Souveniers	+358 9 8045 555	Software Engineering Center, SEC Oy		Espoo		FIN-02271	Finland	EMEA	Suominen	Kalle	Medium
10151	49	100	6	5412.54	9/21/2003 0:00	Shipped	3	9	2003	Trucks and Buses	122	S18_2319	Oulu Toy Supplies, Inc.	981-443655	Torikatu 38		Oulu		90110	Finland	EMEA	Koskitalo	Pirkko	Medium
10165	46	100	15	5984.14	10/22/2003 0:00	Shipped	4	10	2003	Trucks and Buses	122	S18_2319	Dragon Souveniers, Ltd.	+65 221 7555	Bronz Sok., Bronz Apt. 3/6 Tesvikiye		Singapore		79903	Singapore	Japan	Natividad	Eric	Medium
10175	48	100	4	5891.04	11/6/2003 0:00	Shipped	4	11	2003	Trucks and Buses	122	S18_2319	Stylish Desk Decors, Co.	(171) 555-0297	35 King George		London		WX3 6FW	UK	EMEA	Brown	Ann	Medium
10184	46	100	9	5984.14	11/14/2003 0:00	Shipped	4	11	2003	Trucks and Buses	122	S18_2319	Iberia Gift Imports, Corp.	(95) 555 82 82	C/ Romero, 33		Sevilla		41101	Spain	EMEA	Roel	Jose Pedro	Medium
10195	35	100	9	3608.15	11/25/2003 0:00	Shipped	4	11	2003	Trucks and Buses	122	S18_2319	Mini Classics	9145554562	3758 North Pendale Street		White Plains	NY	24067	USA	NA	Frick	Steve	Medium
10207	43	100	10	5752.54	12/9/2003 0:00	Shipped	4	12	2003	Trucks and Buses	122	S18_2319	Diecast Collectables	6175552555	6251 Ingle Ln.		Boston	MA	51003	USA	NA	Franco	Valarie	Medium
10229	26	100	4	3765.32	3/11/2004 0:00	Shipped	1	3	2004	Trucks and Buses	122	S18_2319	Mini Gifts Distributors Ltd.	4155551450	5677 Strong St.		San Rafael	CA	97562	USA	NA	Nelson	Valarie	Medium
10246	22	98.18	8	2159.96	5/5/2004 0:00	Shipped	2	5	2004	Trucks and Buses	122	S18_2319	Euro Shopping Channel	(91) 555 94 44	C/ Moralzarzal, 86		Madrid		28034	Spain	EMEA	Freyre	Diego	Small
10259	34	99.41	7	3379.94	6/15/2004 0:00	Shipped	2	6	2004	Trucks and Buses	122	S18_2319	Handji Gifts& Co	+65 224 1555	Village Close - 106 Linden Road Sandown	2nd Floor	Singapore		69045	Singapore	APAC	Victorino	Wendy	Medium
10271	50	100	8	5093.5	7/20/2004 0:00	Shipped	3	7	2004	Trucks and Buses	122	S18_2319	Mini Gifts Distributors Ltd.	4155551450	5677 Strong St.		San Rafael	CA	97562	USA	NA	Nelson	Valarie	Medium
