ORDERNUMBER	QUANTITYORDERED	PRICEEACH	ORDERLINENUMBER	SALES	ORDERDATE	STATUS	QTR_ID	MONTH_ID	YEAR_ID	PRODUCTLINE	MSRP	PRODUCTCODE	CUSTOMERNAME	PHONE	ADDRESSLINE1	ADDRESSLINE2	CITY	STATE	POSTALCODE	COUNTRY	TERRITORY
10107	30	95.7	2	2871	2/24/2003 0:00	Shipped	1	2	2003	Motorcycles	95	S10_1678	Land of Toys Inc.	2125557818	897 Long Airport Avenue		NYC	NY	10022	USA	NA
10121	34	81.35	5	2765.9	5/7/2003 0:00	Shipped	2	5	2003	Motorcycles	95	S10_1678	Reims Collectables	26.47.1555	59 rue de l'Abbaye		Reims		51100	France	EMEA
10134	41	94.74	2	3884.34	7/1/2003 0:00	Shipped	3	7	2003	Motorcycles	95	S10_1678	Lyon Souveniers	+33 1 46 62 7555	27 rue du Colonel Pierre Avia		Paris		75508	France	EMEA
10145	45	83.26	6	3746.7	8/25/2003 0:00	Shipped	3	8	2003	Motorcycles	95	S10_1678	Toys4GrownUps.com	6265557265	78934 Hillside Dr.		Pasadena	CA	90003	USA	NA
10159	49	100	14	5205.27	10/10/2003 0:00	Shipped	4	10	2003	Motorcycles	95	S10_1678	Corporate Gift Ideas Co.	6505551386	7734 Strong St.		San Francisco	CA		USA	NA
10168	36	96.66	1	3479.76	10/28/2003 0:00	Shipped	4	10	2003	Motorcycles	95	S10_1678	Technics Stores Inc.	6505556809	9408 Furth Circle		Burlingame	CA	94217	USA	NA
10180	29	86.13	9	2497.77	11/11/2003 0:00	Shipped	4	11	2003	Motorcycles	95	S10_1678	Daedalus Designs Imports	20.16.1555	184, chausse de Tournai		Lille		59000	France	EMEA
10188	48	100	1	5512.32	11/18/2003 0:00	Shipped	4	11	2003	Motorcycles	95	S10_1678	Herkku Gifts	+47 2267 3215	Drammen 121, PR 744 Sentrum		Bergen		N 5804	Norway	EMEA
10201	22	98.57	2	2168.54	12/1/2003 0:00	Shipped	4	12	2003	Motorcycles	95	S10_1678	Mini Wheels Co.	6505555787	5557 North Pendale Street		San Francisco	CA		USA	NA
10211	41	100	14	4708.44	1/15/2004 0:00	Shipped	1	1	2004	Motorcycles	95	S10_1678	Auto Canal Petit	(1) 47.55.6555	25, rue Lauriston		Paris		75016	France	EMEA
10223	37	100	1	3965.66	2/20/2004 0:00	Shipped	1	2	2004	Motorcycles	95	S10_1678	Australian Collectors, Co.	03 9520 4555	636 St Kilda Road	Level 3	Melbourne	Victoria	3004	Australia	APAC
10237	23	100	7	2333.12	4/5/2004 0:00	Shipped	2	4	2004	Motorcycles	95	S10_1678	Vitachrome Inc.	2125551500	2678 Kingston Rd.	Suite 101	NYC	NY	10022	USA	NA
10251	28	100	2	3188.64	5/18/2004 0:00	Shipped	2	5	2004	Motorcycles	95	S10_1678	Tekni Collectables Inc.	2015559350	7476 Moss Rd.		Newark	NJ	94019	USA	NA
10263	34	100	2	3676.76	6/28/2004 0:00	Shipped	2	6	2004	Motorcycles	95	S10_1678	Gift Depot Inc.	2035552570	25593 South Bay Ln.		Bridgewater	CT	97562	USA	NA
10275	45	92.83	1	4177.35	7/23/2004 0:00	Shipped	3	7	2004	Motorcycles	95	S10_1678	La Rochelle Gifts	40.67.8555	67, rue des Cinquante Otages		Nantes		44000	France	EMEA
10285	36	100	6	4099.68	8/27/2004 0:00	Shipped	3	8	2004	Motorcycles	95	S10_1678	Marta's Replicas Co.	6175558555	39323 Spinnaker Dr.		Cambridge	MA	51247	USA	NA
10299	23	100	9	2597.39	9/30/2004 0:00	Shipped	3	9	2004	Motorcycles	95	S10_1678	Toys of Finland, Co.	90-224 8555	Keskuskatu 45		Helsinki		21240	Finland	EMEA
10309	41	100	5	4394.38	10/15/2004 0:00	Shipped	4	10	2004	Motorcycles	95	S10_1678	Baane Mini Imports	07-98 9555	Erling Skakkes gate 78		Stavern		4110	Norway	EMEA
10318	46	94.74	1	4358.04	11/2/2004 0:00	Shipped	4	11	2004	Motorcycles	95	S10_1678	Diecast Classics Inc.	2155551555	7586 Pompton St.		Allentown	PA	70267	USA	NA
10329	42	100	1	4396.14	11/15/2004 0:00	Shipped	4	11	2004	Motorcycles	95	S10_1678	Land of Toys Inc.	2125557818	897 Long Airport Avenue		NYC	NY	10022	USA	NA
10341	41	100	9	7737.93	11/24/2004 0:00	Shipped	4	11	2004	Motorcycles	95	S10_1678	Salzburg Collectables	6562-9555	Geislweg 14		Salzburg		5020	Austria	EMEA
10361	20	72.55	13	1451	12/17/2004 0:00	Shipped	4	12	2004	Motorcycles	95	S10_1678	Souveniers And Things Co.	+61 2 9495 8555	Monitor Money Building, 815 Pacific Hwy	Level 6	Chatswood	NSW	2067	Australia	APAC
10375	21	34.91	12	733.11	2/3/2005 0:00	Shipped	1	2	2005	Motorcycles	95	S10_1678	La Rochelle Gifts	40.67.8555	67, rue des Cinquante Otages		Nantes		44000	France	EMEA
10388	42	76.36	4	3207.12	3/3/2005 0:00	Shipped	1	3	2005	Motorcycles	95	S10_1678	FunGiftIdeas.com	5085552555	1785 First Street		New Bedford	MA	50553	USA	NA
10403	24	100	7	2434.56	4/8/2005 0:00	Shipped	2	4	2005	Motorcycles	95	S10_1678	UK Collectables, Ltd.	(171) 555-2282	Berkeley Gardens 12  Brewery		Liverpool		WX1 6LT	UK	EMEA
10417	66	100	2	7516.08	5/13/2005 0:00	Disputed	2	5	2005	Motorcycles	95	S10_1678	Euro Shopping Channel	(91) 555 94 44	C/ Moralzarzal, 86		Madrid		28034	Spain	EMEA
10103	26	100	11	5404.62	1/29/2003 0:00	Shipped	1	1	2003	Classic Cars	214	S10_1949	Baane Mini Imports	07-98 9555	Erling Skakkes gate 78		Stavern		4110	Norway	EMEA
10112	29	100	1	7209.11	3/24/2003 0:00	Shipped	1	3	2003	Classic Cars	214	S10_1949	Volvo Model Replicas, Co	0921-12 3555	FALSE		Lule		S-958 22	Sweden	EMEA
10126	38	100	11	7329.06	5/28/2003 0:00	Shipped	2	5	2003	Classic Cars	214	S10_1949	Corrida Auto Replicas, Ltd	(91) 555 22 82	C/ Araquil, 67		Madrid		28023	Spain	EMEA
10140	37	100	11	7374.1	7/24/2003 0:00	Shipped	3	7	2003	Classic Cars	214	S10_1949	Technics Stores Inc.	6505556809	9408 Furth Circle		Burlingame	CA	94217	USA	NA
10150	45	100	8	10993.5	9/19/2003 0:00	Shipped	3	9	2003	Classic Cars	214	S10_1949	Dragon Souveniers, Ltd.	+65 221 7555	Bronz Sok., Bronz Apt. 3/6 Tesvikiye		Singapore		79903	Singapore	Japan
10163	21	100	1	4860.24	10/20/2003 0:00	Shipped	4	10	2003	Classic Cars	214	S10_1949	Classic Legends Inc.	2125558493	5905 Pompton St.	Suite 750	NYC	NY	10022	USA	NA
10174	34	100	4	8014.82	11/6/2003 0:00	Shipped	4	11	2003	Classic Cars	214	S10_1949	Australian Gift Network, Co	61-7-3844-6555	31 Duncan St. West End		South Brisbane	Queensland	4101	Australia	APAC
10183	23	100	8	5372.57	11/13/2003 0:00	Shipped	4	11	2003	Classic Cars	214	S10_1949	Classic Gift Ideas, Inc	2155554695	782 First Street		Philadelphia	PA	71270	USA	NA
10194	42	100	11	7290.36	11/25/2003 0:00	Shipped	4	11	2003	Classic Cars	214	S10_1949	Saveley & Henriot, Co.	78.32.5555	2, rue du Commerce		Lyon		69004	France	EMEA
10206	47	100	6	9064.89	12/5/2003 0:00	Shipped	4	12	2003	Classic Cars	214	S10_1949	Canadian Gift Exchange Network	(604) 555-3392	1900 Oak St.		Vancouver	BC	V3F 2K1	Canada	NA
10215	35	100	3	6075.3	1/29/2004 0:00	Shipped	1	1	2004	Classic Cars	214	S10_1949	West Coast Collectables Co.	3105553722	3675 Furth Circle		Burbank	CA	94019	USA	NA
10228	29	100	2	6463.23	3/10/2004 0:00	Shipped	1	3	2004	Classic Cars	214	S10_1949	Cambridge Collectables Co.	6175555555	4658 Baden Av.		Cambridge	MA	51247	USA	NA
10245	34	100	9	6120.34	5/4/2004 0:00	Shipped	2	5	2004	Classic Cars	214	S10_1949	Super Scale Inc.	2035559545	567 North Pendale Street		New Haven	CT	97823	USA	NA
10258	32	100	6	7680.64	6/15/2004 0:00	Shipped	2	6	2004	Classic Cars	214	S10_1949	Tokyo Collectables, Ltd	+81 3 3584 0555	2-2-8 Roppongi		Minato-ku	Tokyo	106-0032	Japan	Japan
10270	21	100	9	4905.39	7/19/2004 0:00	Shipped	3	7	2004	Classic Cars	214	S10_1949	Souveniers And Things Co.	+61 2 9495 8555	Monitor Money Building, 815 Pacific Hwy	Level 6	Chatswood	NSW	2067	Australia	APAC
10280	34	100	2	8014.82	8/17/2004 0:00	Shipped	3	8	2004	Classic Cars	214	S10_1949	Amica Models & Co.	011-4988555	Via Monte Bianco 34		Torino		10100	Italy	EMEA
10291	37	100	11	7136.19	9/8/2004 0:00	Shipped	3	9	2004	Classic Cars	214	S10_1949	Scandinavian Gift Ideas	0695-34 6555	?kergatan 24		Boras		S-844 67	Sweden	EMEA
10304	47	100	6	10172.7	10/11/2004 0:00	Shipped	4	10	2004	Classic Cars	214	S10_1949	Auto Assoc. & Cie.	30.59.8555	67, avenue de l'Europe		Versailles		78000	France	EMEA
10312	48	100	3	11623.7	10/21/2004 0:00	Shipped	4	10	2004	Classic Cars	214	S10_1949	Mini Gifts Distributors Ltd.	4155551450	5677 Strong St.		San Rafael	CA	97562	USA	NA
10322	40	100	1	6000.4	11/4/2004 0:00	Shipped	4	11	2004	Classic Cars	214	S10_1949	Online Diecast Creations Co.	6035558647	2304 Long Airport Avenue		Nashua	NH	62005	USA	NA
10333	26	100	3	3003	11/18/2004 0:00	Shipped	4	11	2004	Classic Cars	214	S10_1949	Mini Wheels Co.	6505555787	5557 North Pendale Street		San Francisco	CA		USA	NA
10347	30	100	1	3944.7	11/29/2004 0:00	Shipped	4	11	2004	Classic Cars	214	S10_1949	Australian Collectors, Co.	03 9520 4555	636 St Kilda Road	Level 3	Melbourne	Victoria	3004	Australia	APAC
10357	32	100	10	5691.84	12/10/2004 0:00	Shipped	4	12	2004	Classic Cars	214	S10_1949	Mini Gifts Distributors Ltd.	4155551450	5677 Strong St.		San Rafael	CA	97562	USA	NA
10369	41	100	2	4514.92	1/20/2005 0:00	Shipped	1	1	2005	Classic Cars	214	S10_1949	Collectables For Less Inc.	6175558555	7825 Douglas Av.		Brickhaven	MA	58339	USA	NA
10381	36	100	3	8254.8	2/17/2005 0:00	Shipped	1	2	2005	Classic Cars	214	S10_1949	Corporate Gift Ideas Co.	6505551386	7734 Strong St.		San Francisco	CA		USA	NA
10391	24	100	4	2416.56	3/9/2005 0:00	Shipped	1	3	2005	Classic Cars	214	S10_1949	Anna's Decorations, Ltd	02 9936 8555	201 Miller Street	Level 15	North Sydney	NSW	2060	Australia	APAC
10411	23	100	9	4140.23	5/1/2005 0:00	Shipped	2	5	2005	Classic Cars	214	S10_1949	Quebec Home Shopping Network	(514) 555-8054	43 rue St. Laurent		Montreal	Quebec	H1J 1C3	Canada	NA
10424	50	100	6	12001	5/31/2005 0:00	In Process	2	5	2005	Classic Cars	214	S10_1949	Euro Shopping Channel	(91) 555 94 44	C/ Moralzarzal, 86		Madrid		28034	Spain	EMEA
10107	39	99.91	5	3896.49	2/24/2003 0:00	Shipped	1	2	2003	Motorcycles	118	S10_2016	Land of Toys Inc.	2125557818	897 Long Airport Avenue		NYC	NY	10022	USA	NA
10120	29	96.34	3	2793.86	4/29/2003 0:00	Shipped	2	4	2003	Motorcycles	118	S10_2016	Australian Collectors, Co.	03 9520 4555	636 St Kilda Road	Level 3	Melbourne	Victoria	3004	Australia	APAC
10134	27	100	5	3307.77	7/1/2003 0:00	Shipped	3	7	2003	Motorcycles	118	S10_2016	Lyon Souveniers	+33 1 46 62 7555	27 rue du Colonel Pierre Avia		Paris		75508	France	EMEA
10145	37	100	9	5192.95	8/25/2003 0:00	Shipped	3	8	2003	Motorcycles	118	S10_2016	Toys4GrownUps.com	6265557265	78934 Hillside Dr.		Pasadena	CA	90003	USA	NA
10159	37	100	17	5016.83	10/10/2003 0:00	Shipped	4	10	2003	Motorcycles	118	S10_2016	Corporate Gift Ideas Co.	6505551386	7734 Strong St.		San Francisco	CA		USA	NA
10168	27	100	4	3660.93	10/28/2003 0:00	Shipped	4	10	2003	Motorcycles	118	S10_2016	Technics Stores Inc.	6505556809	9408 Furth Circle		Burlingame	CA	94217	USA	NA
10180	42	100	12	4695.6	11/11/2003 0:00	Shipped	4	11	2003	Motorcycles	118	S10_2016	Daedalus Designs Imports	20.16.1555	184, chausse de Tournai		Lille		59000	France	EMEA
10188	38	96.34	4	3660.92	11/18/2003 0:00	Shipped	4	11	2003	Motorcycles	118	S10_2016	Herkku Gifts	+47 2267 3215	Drammen 121, PR 744 Sentrum		Bergen		N 5804	Norway	EMEA
10201	24	100	5	3025.92	12/1/2003 0:00	Shipped	4	12	2003	Motorcycles	118	S10_2016	Mini Wheels Co.	6505555787	5557 North Pendale Street		San Francisco	CA		USA	NA
10210	23	100	2	3009.09	1/12/2004 0:00	Shipped	1	1	2004	Motorcycles	118	S10_2016	Osaka Souveniers Co.	+81 06 6342 5555	Dojima Avanza 4F, 1-6-20 Dojima, Kita-ku		Osaka	Osaka	530-0003	Japan	Japan
10223	47	100	4	5422.39	2/20/2004 0:00	Shipped	1	2	2004	Motorcycles	118	S10_2016	Australian Collectors, Co.	03 9520 4555	636 St Kilda Road	Level 3	Melbourne	Victoria	3004	Australia	APAC
10236	22	100	1	2852.08	4/3/2004 0:00	Shipped	2	4	2004	Motorcycles	118	S10_2016	Motor Mint Distributors Inc.	2155559857	11328 Douglas Av.		Philadelphia	PA	71270	USA	NA
10251	44	100	5	5756.52	5/18/2004 0:00	Shipped	2	5	2004	Motorcycles	118	S10_2016	Tekni Collectables Inc.	2015559350	7476 Moss Rd.		Newark	NJ	94019	USA	NA
10263	40	100	5	4472	6/28/2004 0:00	Shipped	2	6	2004	Motorcycles	118	S10_2016	Gift Depot Inc.	2035552570	25593 South Bay Ln.		Bridgewater	CT	97562	USA	NA
10275	22	100	4	2904.44	7/23/2004 0:00	Shipped	3	7	2004	Motorcycles	118	S10_2016	La Rochelle Gifts	40.67.8555	67, rue des Cinquante Otages		Nantes		44000	France	EMEA
10285	47	100	9	6484.59	8/27/2004 0:00	Shipped	3	8	2004	Motorcycles	118	S10_2016	Marta's Replicas Co.	6175558555	39323 Spinnaker Dr.		Cambridge	MA	51247	USA	NA
10298	39	96.34	1	3757.26	9/27/2004 0:00	Shipped	3	9	2004	Motorcycles	118	S10_2016	Atelier graphique	40.32.2555	54, rue Royale		Nantes		44000	France	EMEA
10308	34	100	2	4043.96	10/15/2004 0:00	Shipped	4	10	2004	Motorcycles	118	S10_2016	Mini Classics	9145554562	3758 North Pendale Street		White Plains	NY	24067	USA	NA
10318	45	100	4	5566.5	11/2/2004 0:00	Shipped	4	11	2004	Motorcycles	118	S10_2016	Diecast Classics Inc.	2155551555	7586 Pompton St.		Allentown	PA	70267	USA	NA
10329	20	100	2	3176	11/15/2004 0:00	Shipped	4	11	2004	Motorcycles	118	S10_2016	Land of Toys Inc.	2125557818	897 Long Airport Avenue		NYC	NY	10022	USA	NA
10339	40	68.92	4	2756.8	11/23/2004 0:00	Shipped	4	11	2004	Motorcycles	118	S10_2016	Tokyo Collectables, Ltd	+81 3 3584 0555	2-2-8 Roppongi		Minato-ku	Tokyo	106-0032	Japan	Japan
10361	26	51.15	8	1329.9	12/17/2004 0:00	Shipped	4	12	2004	Motorcycles	118	S10_2016	Souveniers And Things Co.	+61 2 9495 8555	Monitor Money Building, 815 Pacific Hwy	Level 6	Chatswood	NSW	2067	Australia	APAC
10374	39	100	5	5288.01	2/2/2005 0:00	Shipped	1	2	2005	Motorcycles	118	S10_2016	Australian Gift Network, Co	61-7-3844-6555	31 Duncan St. West End		South Brisbane	Queensland	4101	Australia	APAC
10388	50	44.51	5	2225.5	3/3/2005 0:00	Shipped	1	3	2005	Motorcycles	118	S10_2016	FunGiftIdeas.com	5085552555	1785 First Street		New Bedford	MA	50553	USA	NA
10402	45	100	1	5833.8	4/7/2005 0:00	Shipped	2	4	2005	Motorcycles	118	S10_2016	Auto Canal Petit	(1) 47.55.6555	25, rue Lauriston		Paris		75016	France	EMEA
10417	45	100	5	5887.35	5/13/2005 0:00	Disputed	2	5	2005	Motorcycles	118	S10_2016	Euro Shopping Channel	(91) 555 94 44	C/ Moralzarzal, 86		Madrid		28034	Spain	EMEA
10107	27	100	4	6065.55	2/24/2003 0:00	Shipped	1	2	2003	Motorcycles	193	S10_4698	Land of Toys Inc.	2125557818	897 Long Airport Avenue		NYC	NY	10022	USA	NA
10120	46	100	2	9264.86	4/29/2003 0:00	Shipped	2	4	2003	Motorcycles	193	S10_4698	Australian Collectors, Co.	03 9520 4555	636 St Kilda Road	Level 3	Melbourne	Victoria	3004	Australia	APAC
10134	31	100	4	7023.98	7/1/2003 0:00	Shipped	3	7	2003	Motorcycles	193	S10_4698	Lyon Souveniers	+33 1 46 62 7555	27 rue du Colonel Pierre Avia		Paris		75508	France	EMEA
10145	33	100	8	5176.38	8/25/2003 0:00	Shipped	3	8	2003	Motorcycles	193	S10_4698	Toys4GrownUps.com	6265557265	78934 Hillside Dr.		Pasadena	CA	90003	USA	NA
10159	22	100	16	4132.7	10/10/2003 0:00	Shipped	4	10	2003	Motorcycles	193	S10_4698	Corporate Gift Ideas Co.	6505551386	7734 Strong St.		San Francisco	CA		USA	NA
10168	20	100	3	4183	10/28/2003 0:00	Shipped	4	10	2003	Motorcycles	193	S10_4698	Technics Stores Inc.	6505556809	9408 Furth Circle		Burlingame	CA	94217	USA	NA
10180	41	100	11	8892.9	11/11/2003 0:00	Shipped	4	11	2003	Motorcycles	193	S10_4698	Daedalus Designs Imports	20.16.1555	184, chausse de Tournai		Lille		59000	France	EMEA
10188	45	100	3	8714.7	11/18/2003 0:00	Shipped	4	11	2003	Motorcycles	193	S10_4698	Herkku Gifts	+47 2267 3215	Drammen 121, PR 744 Sentrum		Bergen		N 5804	Norway	EMEA
10201	49	100	4	8065.89	12/1/2003 0:00	Shipped	4	12	2003	Motorcycles	193	S10_4698	Mini Wheels Co.	6505555787	5557 North Pendale Street		San Francisco	CA		USA	NA
10210	34	100	1	6123.4	1/12/2004 0:00	Shipped	1	1	2004	Motorcycles	193	S10_4698	Osaka Souveniers Co.	+81 06 6342 5555	Dojima Avanza 4F, 1-6-20 Dojima, Kita-ku		Osaka	Osaka	530-0003	Japan	Japan
10223	49	100	3	9774.03	2/20/2004 0:00	Shipped	1	2	2004	Motorcycles	193	S10_4698	Australian Collectors, Co.	03 9520 4555	636 St Kilda Road	Level 3	Melbourne	Victoria	3004	Australia	APAC
10237	39	100	9	7023.9	4/5/2004 0:00	Shipped	2	4	2004	Motorcycles	193	S10_4698	Vitachrome Inc.	2125551500	2678 Kingston Rd.	Suite 101	NYC	NY	10022	USA	NA
10251	43	100	4	7078.23	5/18/2004 0:00	Shipped	2	5	2004	Motorcycles	193	S10_4698	Tekni Collectables Inc.	2015559350	7476 Moss Rd.		Newark	NJ	94019	USA	NA
10263	41	100	4	8336.94	6/28/2004 0:00	Shipped	2	6	2004	Motorcycles	193	S10_4698	Gift Depot Inc.	2035552570	25593 South Bay Ln.		Bridgewater	CT	97562	USA	NA
10275	36	100	3	6901.92	7/23/2004 0:00	Shipped	3	7	2004	Motorcycles	193	S10_4698	La Rochelle Gifts	40.67.8555	67, rue des Cinquante Otages		Nantes		44000	France	EMEA
10285	27	100	8	5438.07	8/27/2004 0:00	Shipped	3	8	2004	Motorcycles	193	S10_4698	Marta's Replicas Co.	6175558555	39323 Spinnaker Dr.		Cambridge	MA	51247	USA	NA
10299	29	100	11	6683.34	9/30/2004 0:00	Shipped	3	9	2004	Motorcycles	193	S10_4698	Toys of Finland, Co.	90-224 8555	Keskuskatu 45		Helsinki		21240	Finland	EMEA
10308	20	100	1	4570.4	10/15/2004 0:00	Shipped	4	10	2004	Motorcycles	193	S10_4698	Mini Classics	9145554562	3758 North Pendale Street		White Plains	NY	24067	USA	NA
10318	37	100	3	7667.14	11/2/2004 0:00	Shipped	4	11	2004	Motorcycles	193	S10_4698	Diecast Classics Inc.	2155551555	7586 Pompton St.		Allentown	PA	70267	USA	NA
10329	26	100	3	5868.2	11/15/2004 0:00	Shipped	4	11	2004	Motorcycles	193	S10_4698	Land of Toys Inc.	2125557818	897 Long Airport Avenue		NYC	NY	10022	USA	NA
10339	39	76.67	3	2990.13	11/23/2004 0:00	Shipped	4	11	2004	Motorcycles	193	S10_4698	Tokyo Collectables, Ltd	+81 3 3584 0555	2-2-8 Roppongi		Minato-ku	Tokyo	106-0032	Japan	Japan
10362	22	100	4	3664.1	1/5/2005 0:00	Shipped	1	1	2005	Motorcycles	193	S10_4698	Technics Stores Inc.	6505556809	9408 Furth Circle		Burlingame	CA	94217	USA	NA
10374	22	100	1	3834.38	2/2/2005 0:00	Shipped	1	2	2005	Motorcycles	193	S10_4698	Australian Gift Network, Co	61-7-3844-6555	31 Duncan St. West End		South Brisbane	Queensland	4101	Australia	APAC
10388	21	86.77	7	1822.17	3/3/2005 0:00	Shipped	1	3	2005	Motorcycles	193	S10_4698	FunGiftIdeas.com	5085552555	1785 First Street		New Bedford	MA	50553	USA	NA
10403	66	100	9	11886.6	4/8/2005 0:00	Shipped	2	4	2005	Motorcycles	193	S10_4698	UK Collectables, Ltd.	(171) 555-2282	Berkeley Gardens 12  Brewery		Liverpool		WX1 6LT	UK	EMEA
10417	56	100	4	9218.16	5/13/2005 0:00	Disputed	2	5	2005	Motorcycles	193	S10_4698	Euro Shopping Channel	(91) 555 94 44	C/ Moralzarzal, 86		Madrid		28034	Spain	EMEA
10105	50	100	2	7208	2/11/2003 0:00	Shipped	1	2	2003	Classic Cars	136	S10_4757	Danish Wholesale Imports	31 12 3555	Vinb'ltet 34		Kobenhavn		1734	Denmark	EMEA
10119	46	100	11	5004.8	4/28/2003 0:00	Shipped	2	4	2003	Classic Cars	136	S10_4757	Salzburg Collectables	6562-9555	Geislweg 14		Salzburg		5020	Austria	EMEA
10129	33	100	2	4398.24	6/12/2003 0:00	Shipped	2	6	2003	Classic Cars	136	S10_4757	Stylish Desk Decors, Co.	(171) 555-0297	35 King George		London		WX3 6FW	UK	EMEA
10143	49	100	15	5597.76	8/10/2003 0:00	Shipped	3	8	2003	Classic Cars	136	S10_4757	Mini Creations Ltd.	5085559555	4575 Hillside Dr.		New Bedford	MA	50553	USA	NA
10155	32	100	13	4526.08	10/6/2003 0:00	Shipped	4	10	2003	Classic Cars	136	S10_4757	Toys of Finland, Co.	90-224 8555	Keskuskatu 45		Helsinki		21240	Finland	EMEA
10167	44	100	9	5924.16	10/23/2003 0:00	Cancelled	4	10	2003	Classic Cars	136	S10_4757	Scandinavian Gift Ideas	0695-34 6555	?kergatan 24		Boras		S-844 67	Sweden	EMEA
10178	24	100	12	3492.48	11/8/2003 0:00	Shipped	4	11	2003	Classic Cars	136	S10_4757	Alpha Cognac	61.77.6555	1 rue Alsace-Lorraine		Toulouse		31000	France	EMEA
10186	26	100	9	3854.24	11/14/2003 0:00	Shipped	4	11	2003	Classic Cars	136	S10_4757	Double Decker Gift Stores, Ltd	(171) 555-7555	120 Hanover Sq.		London		WA1 1DP	UK	EMEA
10197	45	100	6	5324.4	11/26/2003 0:00	Shipped	4	11	2003	Classic Cars	136	S10_4757	Enaco Distributors	(93) 203 4555	FALSE		Barcelona		8022	Spain	EMEA
10209	39	100	8	5197.92	1/9/2004 0:00	Shipped	1	1	2004	Classic Cars	136	S10_4757	Men 'R' US Retailers, Ltd.	2155554369	6047 Douglas Av.		Los Angeles	CA		USA	NA
10222	49	100	12	5997.6	2/19/2004 0:00	Shipped	1	2	2004	Classic Cars	136	S10_4757	Collectable Mini Designs Co.	7605558146	361 Furth Circle		San Diego	CA	91217	USA	NA
10248	20	100	3	2910.4	5/7/2004 0:00	Cancelled	2	5	2004	Classic Cars	136	S10_4757	Land of Toys Inc.	2125557818	897 Long Airport Avenue		NYC	NY	10022	USA	NA
10261	27	100	1	3378.24	6/17/2004 0:00	Shipped	2	6	2004	Classic Cars	136	S10_4757	Quebec Home Shopping Network	(514) 555-8054	43 rue St. Laurent		Montreal	Quebec	H1J 1C3	Canada	NA
10273	30	100	4	3508.8	7/21/2004 0:00	Shipped	3	7	2004	Classic Cars	136	S10_4757	Petit Auto	(02) 5554 67	Rue Joseph-Bens 532		Bruxelles		B-1180	Belgium	EMEA
10283	25	100	6	2992	8/20/2004 0:00	Shipped	3	8	2004	Classic Cars	136	S10_4757	Royal Canadian Collectables, Ltd.	(604) 555-4555	23 Tsawassen Blvd.		Tsawassen	BC	T2F 8M4	Canada	NA
10295	24	100	1	3427.2	9/10/2004 0:00	Shipped	3	9	2004	Classic Cars	136	S10_4757	Gifts4AllAges.com	6175559555	8616 Spinnaker Dr.		Boston	MA	51003	USA	NA
10307	22	100	9	2692.8	10/14/2004 0:00	Shipped	4	10	2004	Classic Cars	136	S10_4757	Classic Gift Ideas, Inc	2155554695	782 First Street		Philadelphia	PA	71270	USA	NA
10316	33	100	17	4128.96	11/1/2004 0:00	Shipped	4	11	2004	Classic Cars	136	S10_4757	giftsbymail.co.uk	(198) 555-8888	Garden House Crowther Way		Cowes	Isle of Wight	PO31 7PJ	UK	EMEA
10325	47	64.93	6	3051.71	11/5/2004 0:00	Shipped	4	11	2004	Classic Cars	136	S10_4757	Baane Mini Imports	07-98 9555	Erling Skakkes gate 78		Stavern		4110	Norway	EMEA
10337	25	48.05	8	1201.25	11/21/2004 0:00	Shipped	4	11	2004	Classic Cars	136	S10_4757	Classic Legends Inc.	2125558493	5905 Pompton St.	Suite 750	NYC	NY	10022	USA	NA
10350	26	75.47	5	1962.22	12/2/2004 0:00	Shipped	4	12	2004	Classic Cars	136	S10_4757	Euro Shopping Channel	(91) 555 94 44	C/ Moralzarzal, 86		Madrid		28034	Spain	EMEA
10359	48	54.68	6	2624.64	12/15/2004 0:00	Shipped	4	12	2004	Classic Cars	136	S10_4757	Reims Collectables	26.47.1555	59 rue de l'Abbaye		Reims		51100	France	EMEA
10373	39	100	3	4046.25	1/31/2005 0:00	Shipped	1	1	2005	Classic Cars	136	S10_4757	Oulu Toy Supplies, Inc.	981-443655	Torikatu 38		Oulu		90110	Finland	EMEA
10384	34	100	4	4846.7	2/23/2005 0:00	Shipped	1	2	2005	Classic Cars	136	S10_4757	Corporate Gift Ideas Co.	6505551386	7734 Strong St.		San Francisco	CA		USA	NA
10395	32	100	2	3370.56	3/17/2005 0:00	Shipped	1	3	2005	Classic Cars	136	S10_4757	Lyon Souveniers	+33 1 46 62 7555	27 rue du Colonel Pierre Avia		Paris		75508	France	EMEA
10400	64	100	9	9661.44	4/1/2005 0:00	Shipped	2	4	2005	Classic Cars	136	S10_4757	The Sharp Gifts Warehouse	4085553659	3086 Ingle Ln.		San Jose	CA	94217	USA	NA
10414	19	100	3	2764.88	5/6/2005 0:00	On Hold	2	5	2005	Classic Cars	136	S10_4757	Gifts4AllAges.com	6175559555	8616 Spinnaker Dr.		Boston	MA	51003	USA	NA
10103	42	100	4	5398.26	1/29/2003 0:00	Shipped	1	1	2003	Classic Cars	147	S10_4962	Baane Mini Imports	07-98 9555	Erling Skakkes gate 78		Stavern		4110	Norway	EMEA
10114	31	100	8	4305.28	4/1/2003 0:00	Shipped	2	4	2003	Classic Cars	147	S10_4962	La Corne D'abondance, Co.	(1) 42.34.2555	265, boulevard Charonne		Paris		75012	France	EMEA
10126	22	100	4	3347.74	5/28/2003 0:00	Shipped	2	5	2003	Classic Cars	147	S10_4962	Corrida Auto Replicas, Ltd	(91) 555 22 82	C/ Araquil, 67		Madrid		28023	Spain	EMEA
10140	26	100	4	3188.12	7/24/2003 0:00	Shipped	3	7	2003	Classic Cars	147	S10_4962	Technics Stores Inc.	6505556809	9408 Furth Circle		Burlingame	CA	94217	USA	NA
10150	20	100	1	3191.2	9/19/2003 0:00	Shipped	3	9	2003	Classic Cars	147	S10_4962	Dragon Souveniers, Ltd.	+65 221 7555	Bronz Sok., Bronz Apt. 3/6 Tesvikiye		Singapore		79903	Singapore	Japan
10164	21	100	2	3536.82	10/21/2003 0:00	Resolved	4	10	2003	Classic Cars	147	S10_4962	Mini Auto Werke	7675-3555	Kirchgasse 6		Graz		8010	Austria	EMEA
10175	33	100	9	5362.83	11/6/2003 0:00	Shipped	4	11	2003	Classic Cars	147	S10_4962	Stylish Desk Decors, Co.	(171) 555-0297	35 King George		London		WX3 6FW	UK	EMEA
10183	28	100	1	3433.36	11/13/2003 0:00	Shipped	4	11	2003	Classic Cars	147	S10_4962	Classic Gift Ideas, Inc	2155554695	782 First Street		Philadelphia	PA	71270	USA	NA
10194	26	100	4	4263.74	11/25/2003 0:00	Shipped	4	11	2003	Classic Cars	147	S10_4962	Saveley & Henriot, Co.	78.32.5555	2, rue du Commerce		Lyon		69004	France	EMEA
10207	31	100	15	4076.19	12/9/2003 0:00	Shipped	4	12	2003	Classic Cars	147	S10_4962	Diecast Collectables	6175552555	6251 Ingle Ln.		Boston	MA	51003	USA	NA
10217	48	100	4	7020.48	2/4/2004 0:00	Shipped	1	2	2004	Classic Cars	147	S10_4962	Handji Gifts& Co	+65 224 1555	Village Close - 106 Linden Road Sandown	2nd Floor	Singapore		69045	Singapore	APAC
10229	50	100	9	6426.5	3/11/2004 0:00	Shipped	1	3	2004	Classic Cars	147	S10_4962	Mini Gifts Distributors Ltd.	4155551450	5677 Strong St.		San Rafael	CA	97562	USA	NA
10245	28	100	2	4591.72	5/4/2004 0:00	Shipped	2	5	2004	Classic Cars	147	S10_4962	Super Scale Inc.	2035559545	567 North Pendale Street		New Haven	CT	97823	USA	NA
10259	26	100	12	4033.38	6/15/2004 0:00	Shipped	2	6	2004	Classic Cars	147	S10_4962	Handji Gifts& Co	+65 224 1555	Village Close - 106 Linden Road Sandown	2nd Floor	Singapore		69045	Singapore	APAC
10270	32	100	2	4302.08	7/19/2004 0:00	Shipped	3	7	2004	Classic Cars	147	S10_4962	Souveniers And Things Co.	+61 2 9495 8555	Monitor Money Building, 815 Pacific Hwy	Level 6	Chatswood	NSW	2067	Australia	APAC
10281	44	100	9	7020.64	8/19/2004 0:00	Shipped	3	8	2004	Classic Cars	147	S10_4962	Diecast Classics Inc.	2155551555	7586 Pompton St.		Allentown	PA	70267	USA	NA
10291	30	100	4	3855.9	9/8/2004 0:00	Shipped	3	9	2004	Classic Cars	147	S10_4962	Scandinavian Gift Ideas	0695-34 6555	?kergatan 24		Boras		S-844 67	Sweden	EMEA
10305	38	100	13	6680.78	10/13/2004 0:00	Shipped	4	10	2004	Classic Cars	147	S10_4962	Marta's Replicas Co.	6175558555	39323 Spinnaker Dr.		Cambridge	MA	51247	USA	NA
10313	40	100	7	6678	10/22/2004 0:00	Shipped	4	10	2004	Classic Cars	147	S10_4962	Canadian Gift Exchange Network	(604) 555-3392	1900 Oak St.		Vancouver	BC	V3F 2K1	Canada	NA
10322	46	61.99	8	2851.54	11/4/2004 0:00	Shipped	4	11	2004	Classic Cars	147	S10_4962	Online Diecast Creations Co.	6035558647	2304 Long Airport Avenue		Nashua	NH	62005	USA	NA
10334	26	100	2	3188.12	11/19/2004 0:00	On Hold	4	11	2004	Classic Cars	147	S10_4962	Volvo Model Replicas, Co	0921-12 3555	FALSE		Lule		S-958 22	Sweden	EMEA
10347	27	100	2	4428	11/29/2004 0:00	Shipped	4	11	2004	Classic Cars	147	S10_4962	Australian Collectors, Co.	03 9520 4555	636 St Kilda Road	Level 3	Melbourne	Victoria	3004	Australia	APAC
10357	43	100	9	5780.92	12/10/2004 0:00	Shipped	4	12	2004	Classic Cars	147	S10_4962	Mini Gifts Distributors Ltd.	4155551450	5677 Strong St.		San Rafael	CA	97562	USA	NA
10370	35	65.63	4	2297.05	1/20/2005 0:00	Shipped	1	1	2005	Classic Cars	147	S10_4962	Anna's Decorations, Ltd	02 9936 8555	201 Miller Street	Level 15	North Sydney	NSW	2060	Australia	APAC
10381	37	100	6	6231.54	2/17/2005 0:00	Shipped	1	2	2005	Classic Cars	147	S10_4962	Corporate Gift Ideas Co.	6505551386	7734 Strong St.		San Francisco	CA		USA	NA
10391	37	46.9	7	1735.3	3/9/2005 0:00	Shipped	1	3	2005	Classic Cars	147	S10_4962	Anna's Decorations, Ltd	02 9936 8555	201 Miller Street	Level 15	North Sydney	NSW	2060	Australia	APAC
10411	27	100	2	4427.73	5/1/2005 0:00	Shipped	2	5	2005	Classic Cars	147	S10_4962	Quebec Home Shopping Network	(514) 555-8054	43 rue St. Laurent		Montreal	Quebec	H1J 1C3	Canada	NA
10425	38	100	12	5894.94	5/31/2005 0:00	In Process	2	5	2005	Classic Cars	147	S10_4962	La Rochelle Gifts	40.67.8555	67, rue des Cinquante Otages		Nantes		44000	France	EMEA
10108	33	100	6	5265.15	3/3/2003 0:00	Shipped	1	3	2003	Classic Cars	194	S12_1099	Cruz & Sons Co.	+63 2 555 3587	15 McCallum Street - NatWest Center #13-03		Makati City		1227 MM	Philippines	Japan
10122	42	100	10	7599.9	5/8/2003 0:00	Shipped	2	5	2003	Classic Cars	194	S12_1099	Marseille Mini Autos	91.24.4555	12, rue des Bouchers		Marseille		13008	France	EMEA
10135	42	100	7	8008.56	7/2/2003 0:00	Shipped	3	7	2003	Classic Cars	194	S12_1099	Mini Gifts Distributors Ltd.	4155551450	5677 Strong St.		San Rafael	CA	97562	USA	NA
10147	48	100	7	9245.76	9/5/2003 0:00	Shipped	3	9	2003	Classic Cars	194	S12_1099	Collectables For Less Inc.	6175558555	7825 Douglas Av.		Brickhaven	MA	58339	USA	NA
10159	41	100	2	8296.35	10/10/2003 0:00	Shipped	4	10	2003	Classic Cars	194	S12_1099	Corporate Gift Ideas Co.	6505551386	7734 Strong St.		San Francisco	CA		USA	NA
10169	30	100	2	5019.9	11/4/2003 0:00	Shipped	4	11	2003	Classic Cars	194	S12_1099	Anna's Decorations, Ltd	02 9936 8555	201 Miller Street	Level 15	North Sydney	NSW	2060	Australia	APAC
10181	27	100	14	5411.07	11/12/2003 0:00	Shipped	4	11	2003	Classic Cars	194	S12_1099	Herkku Gifts	+47 2267 3215	Drammen 121, PR 744 Sentrum		Bergen		N 5804	Norway	EMEA
10191	21	100	3	3840.9	11/20/2003 0:00	Shipped	4	11	2003	Classic Cars	194	S12_1099	Toms Spezialitten, Ltd	0221-5554327	Mehrheimerstr. 369		Koln		50739	Germany	EMEA
10203	20	100	8	3930.4	12/2/2003 0:00	Shipped	4	12	2003	Classic Cars	194	S12_1099	Euro Shopping Channel	(91) 555 94 44	C/ Moralzarzal, 86		Madrid		28034	Spain	EMEA
10211	41	100	2	7498.9	1/15/2004 0:00	Shipped	1	1	2004	Classic Cars	194	S12_1099	Auto Canal Petit	(1) 47.55.6555	25, rue Lauriston		Paris		75016	France	EMEA
10225	27	100	9	4517.91	2/22/2004 0:00	Shipped	1	2	2004	Classic Cars	194	S12_1099	Vida Sport, Ltd	0897-034555	Grenzacherweg 237		Gensve		1203	Switzerland	EMEA
10238	28	100	3	5774.72	4/9/2004 0:00	Shipped	2	4	2004	Classic Cars	194	S12_1099	Danish Wholesale Imports	31 12 3555	Vinb'ltet 34		Kobenhavn		1734	Denmark	EMEA
10253	24	100	13	3922.56	6/1/2004 0:00	Cancelled	2	6	2004	Classic Cars	194	S12_1099	UK Collectables, Ltd.	(171) 555-2282	Berkeley Gardens 12  Brewery		Liverpool		WX1 6LT	UK	EMEA
10266	44	100	14	9160.36	7/6/2004 0:00	Shipped	3	7	2004	Classic Cars	194	S12_1099	L'ordine Souveniers	0522-556555	Strada Provinciale 124		Reggio Emilia		42100	Italy	EMEA
10276	50	100	3	9631	8/2/2004 0:00	Shipped	3	8	2004	Classic Cars	194	S12_1099	Online Mini Collectables	6175557555	7635 Spinnaker Dr.		Brickhaven	MA	58339	USA	NA
10287	21	100	12	3432.24	8/30/2004 0:00	Shipped	3	8	2004	Classic Cars	194	S12_1099	Vida Sport, Ltd	0897-034555	Grenzacherweg 237		Gensve		1203	Switzerland	EMEA
10300	33	100	5	5521.89	10/4/2003 0:00	Shipped	4	10	2003	Classic Cars	194	S12_1099	Blauer See Auto, Co.	+49 69 66 90 2555	Lyonerstr. 34		Frankfurt		60528	Germany	EMEA
10310	33	100	10	6934.62	10/16/2004 0:00	Shipped	4	10	2004	Classic Cars	194	S12_1099	Toms Spezialitten, Ltd	0221-5554327	Mehrheimerstr. 369		Koln		50739	Germany	EMEA
10320	31	100	3	6876.11	11/3/2004 0:00	Shipped	4	11	2004	Classic Cars	194	S12_1099	Volvo Model Replicas, Co	0921-12 3555	FALSE		Lule		S-958 22	Sweden	EMEA
10329	41	71.47	5	2930.27	11/15/2004 0:00	Shipped	4	11	2004	Classic Cars	194	S12_1099	Land of Toys Inc.	2125557818	897 Long Airport Avenue		NYC	NY	10022	USA	NA
10341	45	79.65	2	3584.25	11/24/2004 0:00	Shipped	4	11	2004	Classic Cars	194	S12_1099	Salzburg Collectables	6562-9555	Geislweg 14		Salzburg		5020	Austria	EMEA
10363	33	85.39	3	2817.87	1/6/2005 0:00	Shipped	1	1	2005	Classic Cars	194	S12_1099	Suominen Souveniers	+358 9 8045 555	Software Engineering Center, SEC Oy		Espoo		FIN-02271	Finland	EMEA
10375	45	76	7	3420	2/3/2005 0:00	Shipped	1	2	2005	Classic Cars	194	S12_1099	La Rochelle Gifts	40.67.8555	67, rue des Cinquante Otages		Nantes		44000	France	EMEA
10389	26	99.04	4	2575.04	3/3/2005 0:00	Shipped	1	3	2005	Classic Cars	194	S12_1099	Scandinavian Gift Ideas	0695-34 6555	?kergatan 24		Boras		S-844 67	Sweden	EMEA
10419	12	100	13	1961.28	5/17/2005 0:00	Shipped	2	5	2005	Classic Cars	194	S12_1099	Salzburg Collectables	6562-9555	Geislweg 14		Salzburg		5020	Austria	EMEA
10105	41	100	15	8690.36	2/11/2003 0:00	Shipped	1	2	2003	Classic Cars	207	S12_1108	Danish Wholesale Imports	31 12 3555	Vinb'ltet 34		Kobenhavn		1734	Denmark	EMEA
10117	33	100	9	6034.38	4/16/2003 0:00	Shipped	2	4	2003	Classic Cars	207	S12_1108	Dragon Souveniers, Ltd.	+65 221 7555	Bronz Sok., Bronz Apt. 3/6 Tesvikiye		Singapore		79903	Singapore	Japan
10127	46	100	2	11279.2	6/3/2003 0:00	Shipped	2	6	2003	Classic Cars	207	S12_1108	Muscle Machine Inc	2125557413	4092 Furth Circle	Suite 400	NYC	NY	10022	USA	NA
10142	33	100	12	8023.29	8/8/2003 0:00	Shipped	3	8	2003	Classic Cars	207	S12_1108	Mini Gifts Distributors Ltd.	4155551450	5677 Strong St.		San Rafael	CA	97562	USA	NA
10153	20	100	11	4904	9/28/2003 0:00	Shipped	3	9	2003	Classic Cars	207	S12_1108	Euro Shopping Channel	(91) 555 94 44	C/ Moralzarzal, 86		Madrid		28034	Spain	EMEA
10165	44	100	3	8594.52	10/22/2003 0:00	Shipped	4	10	2003	Classic Cars	207	S12_1108	Dragon Souveniers, Ltd.	+65 221 7555	Bronz Sok., Bronz Apt. 3/6 Tesvikiye		Singapore		79903	Singapore	Japan
10176	33	100	2	7474.5	11/6/2003 0:00	Shipped	4	11	2003	Classic Cars	207	S12_1108	L'ordine Souveniers	0522-556555	Strada Provinciale 124		Reggio Emilia		42100	Italy	EMEA
10185	21	100	13	3883.74	11/14/2003 0:00	Shipped	4	11	2003	Classic Cars	207	S12_1108	Mini Creations Ltd.	5085559555	4575 Hillside Dr.		New Bedford	MA	50553	USA	NA
10196	47	100	5	8887.7	11/26/2003 0:00	Shipped	4	11	2003	Classic Cars	207	S12_1108	Super Scale Inc.	2035559545	567 North Pendale Street		New Haven	CT	97823	USA	NA
10208	46	100	13	8602.92	1/2/2004 0:00	Shipped	1	1	2004	Classic Cars	207	S12_1108	Saveley & Henriot, Co.	78.32.5555	2, rue du Commerce		Lyon		69004	France	EMEA
10220	32	100	2	7181.44	2/12/2004 0:00	Shipped	1	2	2004	Classic Cars	207	S12_1108	Clover Collections, Co.	+353 1862 1555	25 Maiden Lane	Floor No. 4	Dublin		2	Ireland	EMEA
10231	42	100	2	8378.58	3/19/2004 0:00	Shipped	1	3	2004	Classic Cars	207	S12_1108	CAF Imports	+34 913 728 555	Merchants House, 27-30 Merchant's Quay		Madrid		28023	Spain	EMEA
10247	44	100	2	10606.2	5/5/2004 0:00	Shipped	2	5	2004	Classic Cars	207	S12_1108	Suominen Souveniers	+358 9 8045 555	Software Engineering Center, SEC Oy		Espoo		FIN-02271	Finland	EMEA
10272	35	100	2	5818.4	7/20/2004 0:00	Shipped	3	7	2004	Classic Cars	207	S12_1108	Diecast Classics Inc.	2155551555	7586 Pompton St.		Allentown	PA	70267	USA	NA
10282	41	100	5	7071.27	8/20/2004 0:00	Shipped	3	8	2004	Classic Cars	207	S12_1108	Mini Gifts Distributors Ltd.	4155551450	5677 Strong St.		San Rafael	CA	97562	USA	NA
10293	46	100	8	8411.56	9/9/2004 0:00	Shipped	3	9	2004	Classic Cars	207	S12_1108	Amica Models & Co.	011-4988555	Via Monte Bianco 34		Torino		10100	Italy	EMEA
10306	31	100	13	6570.76	10/14/2004 0:00	Shipped	4	10	2004	Classic Cars	207	S12_1108	AV Stores, Co.	(171) 555-1555	Fauntleroy Circus		Manchester		EC2 5NT	UK	EMEA
10314	38	100	5	7975.44	10/22/2004 0:00	Shipped	4	10	2004	Classic Cars	207	S12_1108	Heintze Collectables	86 21 3555	Smagsloget 45		Aaarhus		8200	Denmark	EMEA
10325	42	64	8	2688	11/5/2004 0:00	Shipped	4	11	2004	Classic Cars	207	S12_1108	Baane Mini Imports	07-98 9555	Erling Skakkes gate 78		Stavern		4110	Norway	EMEA
10336	33	57.22	10	1888.26	11/20/2004 0:00	Shipped	4	11	2004	Classic Cars	207	S12_1108	La Corne D'abondance, Co.	(1) 42.34.2555	265, boulevard Charonne		Paris		75012	France	EMEA
10348	48	52.36	8	2513.28	11/1/2004 0:00	Shipped	4	11	2004	Classic Cars	207	S12_1108	Corrida Auto Replicas, Ltd	(91) 555 22 82	C/ Araquil, 67		Madrid		28023	Spain	EMEA
10359	42	100	8	4764.48	12/15/2004 0:00	Shipped	4	12	2004	Classic Cars	207	S12_1108	Reims Collectables	26.47.1555	59 rue de l'Abbaye		Reims		51100	France	EMEA
10371	32	100	6	3560.64	1/23/2005 0:00	Shipped	1	1	2005	Classic Cars	207	S12_1108	Mini Gifts Distributors Ltd.	4155551450	5677 Strong St.		San Rafael	CA	97562	USA	NA
10382	34	100	10	3823.64	2/17/2005 0:00	Shipped	1	2	2005	Classic Cars	207	S12_1108	Mini Gifts Distributors Ltd.	4155551450	5677 Strong St.		San Rafael	CA	97562	USA	NA
10395	33	69.12	1	2280.96	3/17/2005 0:00	Shipped	1	3	2005	Classic Cars	207	S12_1108	Lyon Souveniers	+33 1 46 62 7555	27 rue du Colonel Pierre Avia		Paris		75508	France	EMEA
10413	36	100	2	8677.8	5/5/2005 0:00	Shipped	2	5	2005	Classic Cars	207	S12_1108	Gift Depot Inc.	2035552570	25593 South Bay Ln.		Bridgewater	CT	97562	USA	NA
10103	27	100	8	3394.98	1/29/2003 0:00	Shipped	1	1	2003	Trucks and Buses	136	S12_1666	Baane Mini Imports	07-98 9555	Erling Skakkes gate 78		Stavern		4110	Norway	EMEA
10113	21	100	2	3415.44	3/26/2003 0:00	Shipped	1	3	2003	Trucks and Buses	136	S12_1666	Mini Gifts Distributors Ltd.	4155551450	5677 Strong St.		San Rafael	CA	97562	USA	NA
10126	21	100	8	2439.57	5/28/2003 0:00	Shipped	2	5	2003	Trucks and Buses	136	S12_1666	Corrida Auto Replicas, Ltd	(91) 555 22 82	C/ Araquil, 67		Madrid		28023	Spain	EMEA
10140	38	100	8	4829.8	7/24/2003 0:00	Shipped	3	7	2003	Trucks and Buses	136	S12_1666	Technics Stores Inc.	6505556809	9408 Furth Circle		Burlingame	CA	94217	USA	NA
10150	30	100	5	4100.1	9/19/2003 0:00	Shipped	3	9	2003	Trucks and Buses	136	S12_1666	Dragon Souveniers, Ltd.	+65 221 7555	Bronz Sok., Bronz Apt. 3/6 Tesvikiye		Singapore		79903	Singapore	Japan
10164	49	100	6	6563.06	10/21/2003 0:00	Resolved	4	10	2003	Trucks and Buses	136	S12_1666	Mini Auto Werke	7675-3555	Kirchgasse 6		Graz		8010	Austria	EMEA
10174	43	100	1	6817.22	11/6/2003 0:00	Shipped	4	11	2003	Trucks and Buses	136	S12_1666	Australian Gift Network, Co	61-7-3844-6555	31 Duncan St. West End		South Brisbane	Queensland	4101	Australia	APAC
10183	41	100	5	6163.94	11/13/2003 0:00	Shipped	4	11	2003	Trucks and Buses	136	S12_1666	Classic Gift Ideas, Inc	2155554695	782 First Street		Philadelphia	PA	71270	USA	NA
10194	38	100	8	4933.92	11/25/2003 0:00	Shipped	4	11	2003	Trucks and Buses	136	S12_1666	Saveley & Henriot, Co.	78.32.5555	2, rue du Commerce		Lyon		69004	France	EMEA
10206	28	100	3	4056.36	12/5/2003 0:00	Shipped	4	12	2003	Trucks and Buses	136	S12_1666	Canadian Gift Exchange Network	(604) 555-3392	1900 Oak St.		Vancouver	BC	V3F 2K1	Canada	NA
10216	43	100	1	5759.42	2/2/2004 0:00	Shipped	1	2	2004	Trucks and Buses	136	S12_1666	Auto Assoc. & Cie.	30.59.8555	67, avenue de l'Europe		Versailles		78000	France	EMEA
10229	25	100	13	3451	3/11/2004 0:00	Shipped	1	3	2004	Trucks and Buses	136	S12_1666	Mini Gifts Distributors Ltd.	4155551450	5677 Strong St.		San Rafael	CA	97562	USA	NA
10245	38	100	6	5920.4	5/4/2004 0:00	Shipped	2	5	2004	Trucks and Buses	136	S12_1666	Super Scale Inc.	2035559545	567 North Pendale Street		New Haven	CT	97823	USA	NA
10258	41	100	3	6668.24	6/15/2004 0:00	Shipped	2	6	2004	Trucks and Buses	136	S12_1666	Tokyo Collectables, Ltd	+81 3 3584 0555	2-2-8 Roppongi		Minato-ku	Tokyo	106-0032	Japan	Japan
10270	28	100	6	4094.72	7/19/2004 0:00	Shipped	3	7	2004	Trucks and Buses	136	S12_1666	Souveniers And Things Co.	+61 2 9495 8555	Monitor Money Building, 815 Pacific Hwy	Level 6	Chatswood	NSW	2067	Australia	APAC
10281	25	100	13	2938.5	8/19/2004 0:00	Shipped	3	8	2004	Trucks and Buses	136	S12_1666	Diecast Classics Inc.	2155551555	7586 Pompton St.		Allentown	PA	70267	USA	NA
10291	41	100	8	6387.8	9/8/2004 0:00	Shipped	3	9	2004	Trucks and Buses	136	S12_1666	Scandinavian Gift Ideas	0695-34 6555	?kergatan 24		Boras		S-844 67	Sweden	EMEA
10304	39	100	3	6396	10/11/2004 0:00	Shipped	4	10	2004	Trucks and Buses	136	S12_1666	Auto Assoc. & Cie.	30.59.8555	67, avenue de l'Europe		Versailles		78000	France	EMEA
10313	21	100	11	2669.1	10/22/2004 0:00	Shipped	4	10	2004	Trucks and Buses	136	S12_1666	Canadian Gift Exchange Network	(604) 555-3392	1900 Oak St.		Vancouver	BC	V3F 2K1	Canada	NA
10322	27	100	9	4784.13	11/4/2004 0:00	Shipped	4	11	2004	Trucks and Buses	136	S12_1666	Online Diecast Creations Co.	6035558647	2304 Long Airport Avenue		Nashua	NH	62005	USA	NA
10333	33	99.21	6	3273.93	11/18/2004 0:00	Shipped	4	11	2004	Trucks and Buses	136	S12_1666	Mini Wheels Co.	6505555787	5557 North Pendale Street		San Francisco	CA		USA	NA
10347	29	100	3	3586.43	11/29/2004 0:00	Shipped	4	11	2004	Trucks and Buses	136	S12_1666	Australian Collectors, Co.	03 9520 4555	636 St Kilda Road	Level 3	Melbourne	Victoria	3004	Australia	APAC
10357	49	100	8	5960.36	12/10/2004 0:00	Shipped	4	12	2004	Trucks and Buses	136	S12_1666	Mini Gifts Distributors Ltd.	4155551450	5677 Strong St.		San Rafael	CA	97562	USA	NA
10370	49	100	8	8470.14	1/20/2005 0:00	Shipped	1	1	2005	Trucks and Buses	136	S12_1666	Anna's Decorations, Ltd	02 9936 8555	201 Miller Street	Level 15	North Sydney	NSW	2060	Australia	APAC
10381	20	100	1	2952	2/17/2005 0:00	Shipped	1	2	2005	Trucks and Buses	136	S12_1666	Corporate Gift Ideas Co.	6505551386	7734 Strong St.		San Francisco	CA		USA	NA
10391	39	63.2	9	2464.8	3/9/2005 0:00	Shipped	1	3	2005	Trucks and Buses	136	S12_1666	Anna's Decorations, Ltd	02 9936 8555	201 Miller Street	Level 15	North Sydney	NSW	2060	Australia	APAC
10411	40	100	6	6232	5/1/2005 0:00	Shipped	2	5	2005	Trucks and Buses	136	S12_1666	Quebec Home Shopping Network	(514) 555-8054	43 rue St. Laurent		Montreal	Quebec	H1J 1C3	Canada	NA
10424	49	100	3	7969.36	5/31/2005 0:00	In Process	2	5	2005	Trucks and Buses	136	S12_1666	Euro Shopping Channel	(91) 555 94 44	C/ Moralzarzal, 86		Madrid		28034	Spain	EMEA
10107	21	100	1	3036.6	2/24/2003 0:00	Shipped	1	2	2003	Motorcycles	150	S12_2823	Land of Toys Inc.	2125557818	897 Long Airport Avenue		NYC	NY	10022	USA	NA
10121	50	100	4	8284	5/7/2003 0:00	Shipped	2	5	2003	Motorcycles	150	S12_2823	Reims Collectables	26.47.1555	59 rue de l'Abbaye		Reims		51100	France	EMEA
10134	20	100	1	2711.2	7/1/2003 0:00	Shipped	3	7	2003	Motorcycles	150	S12_2823	Lyon Souveniers	+33 1 46 62 7555	27 rue du Colonel Pierre Avia		Paris		75508	France	EMEA
10145	49	100	5	8339.8	8/25/2003 0:00	Shipped	3	8	2003	Motorcycles	150	S12_2823	Toys4GrownUps.com	6265557265	78934 Hillside Dr.		Pasadena	CA	90003	USA	NA
10159	38	100	13	6238.84	10/10/2003 0:00	Shipped	4	10	2003	Motorcycles	150	S12_2823	Corporate Gift Ideas Co.	6505551386	7734 Strong St.		San Francisco	CA		USA	NA
10169	35	100	13	4639.25	11/4/2003 0:00	Shipped	4	11	2003	Motorcycles	150	S12_2823	Anna's Decorations, Ltd	02 9936 8555	201 Miller Street	Level 15	North Sydney	NSW	2060	Australia	APAC
10180	40	100	8	6747.6	11/11/2003 0:00	Shipped	4	11	2003	Motorcycles	150	S12_2823	Daedalus Designs Imports	20.16.1555	184, chausse de Tournai		Lille		59000	France	EMEA
10189	28	100	1	4512.48	11/18/2003 0:00	Shipped	4	11	2003	Motorcycles	150	S12_2823	Toys4GrownUps.com	6265557265	78934 Hillside Dr.		Pasadena	CA	90003	USA	NA
10201	25	100	1	4029	12/1/2003 0:00	Shipped	4	12	2003	Motorcycles	150	S12_2823	Mini Wheels Co.	6505555787	5557 North Pendale Street		San Francisco	CA		USA	NA
10211	36	100	13	4771.8	1/15/2004 0:00	Shipped	1	1	2004	Motorcycles	150	S12_2823	Auto Canal Petit	(1) 47.55.6555	25, rue Lauriston		Paris		75016	France	EMEA
10224	43	100	6	6087.94	2/21/2004 0:00	Shipped	1	2	2004	Motorcycles	150	S12_2823	Daedalus Designs Imports	20.16.1555	184, chausse de Tournai		Lille		59000	France	EMEA
10237	32	100	6	4193.28	4/5/2004 0:00	Shipped	2	4	2004	Motorcycles	150	S12_2823	Vitachrome Inc.	2125551500	2678 Kingston Rd.	Suite 101	NYC	NY	10022	USA	NA
10251	46	100	1	7552.28	5/18/2004 0:00	Shipped	2	5	2004	Motorcycles	150	S12_2823	Tekni Collectables Inc.	2015559350	7476 Moss Rd.		Newark	NJ	94019	USA	NA
10263	48	100	1	6434.4	6/28/2004 0:00	Shipped	2	6	2004	Motorcycles	150	S12_2823	Gift Depot Inc.	2035552570	25593 South Bay Ln.		Bridgewater	CT	97562	USA	NA
10276	43	100	14	5181.5	8/2/2004 0:00	Shipped	3	8	2004	Motorcycles	150	S12_2823	Online Mini Collectables	6175557555	7635 Spinnaker Dr.		Brickhaven	MA	58339	USA	NA
10285	49	100	5	6863.92	8/27/2004 0:00	Shipped	3	8	2004	Motorcycles	150	S12_2823	Marta's Replicas Co.	6175558555	39323 Spinnaker Dr.		Cambridge	MA	51247	USA	NA
10299	24	100	8	4157.04	9/30/2004 0:00	Shipped	3	9	2004	Motorcycles	150	S12_2823	Toys of Finland, Co.	90-224 8555	Keskuskatu 45		Helsinki		21240	Finland	EMEA
10309	26	100	4	4660.24	10/15/2004 0:00	Shipped	4	10	2004	Motorcycles	150	S12_2823	Baane Mini Imports	07-98 9555	Erling Skakkes gate 78		Stavern		4110	Norway	EMEA
10319	30	100	9	4111.8	11/3/2004 0:00	Shipped	4	11	2004	Motorcycles	150	S12_2823	Microscale Inc.	2125551957	5290 North Pendale Street	Suite 200	NYC	NY	10022	USA	NA
10329	24	100	6	3542.64	11/15/2004 0:00	Shipped	4	11	2004	Motorcycles	150	S12_2823	Land of Toys Inc.	2125557818	897 Long Airport Avenue		NYC	NY	10022	USA	NA
10341	55	100	8	8118.55	11/24/2004 0:00	Shipped	4	11	2004	Motorcycles	150	S12_2823	Salzburg Collectables	6562-9555	Geislweg 14		Salzburg		5020	Austria	EMEA
10362	22	100	1	3877.06	1/5/2005 0:00	Shipped	1	1	2005	Motorcycles	150	S12_2823	Technics Stores Inc.	6505556809	9408 Furth Circle		Burlingame	CA	94217	USA	NA
10375	49	78.92	13	3867.08	2/3/2005 0:00	Shipped	1	2	2005	Motorcycles	150	S12_2823	La Rochelle Gifts	40.67.8555	67, rue des Cinquante Otages		Nantes		44000	France	EMEA
10388	44	100	6	5951.44	3/3/2005 0:00	Shipped	1	3	2005	Motorcycles	150	S12_2823	FunGiftIdeas.com	5085552555	1785 First Street		New Bedford	MA	50553	USA	NA
10403	66	100	6	8648.64	4/8/2005 0:00	Shipped	2	4	2005	Motorcycles	150	S12_2823	UK Collectables, Ltd.	(171) 555-2282	Berkeley Gardens 12  Brewery		Liverpool		WX1 6LT	UK	EMEA
10417	21	100	1	3447.78	5/13/2005 0:00	Disputed	2	5	2005	Motorcycles	150	S12_2823	Euro Shopping Channel	(91) 555 94 44	C/ Moralzarzal, 86		Madrid		28034	Spain	EMEA
10104	34	100	1	5958.5	1/31/2003 0:00	Shipped	1	1	2003	Classic Cars	151	S12_3148	Euro Shopping Channel	(91) 555 94 44	C/ Moralzarzal, 86		Madrid		28034	Spain	EMEA
10117	43	100	10	5911.64	4/16/2003 0:00	Shipped	2	4	2003	Classic Cars	151	S12_3148	Dragon Souveniers, Ltd.	+65 221 7555	Bronz Sok., Bronz Apt. 3/6 Tesvikiye		Singapore		79903	Singapore	Japan
10127	46	100	3	7366.44	6/3/2003 0:00	Shipped	2	6	2003	Classic Cars	151	S12_3148	Muscle Machine Inc	2125557413	4092 Furth Circle	Suite 400	NYC	NY	10022	USA	NA
10142	33	100	13	4985.64	8/8/2003 0:00	Shipped	3	8	2003	Classic Cars	151	S12_3148	Mini Gifts Distributors Ltd.	4155551450	5677 Strong St.		San Rafael	CA	97562	USA	NA
10153	42	100	12	5393.64	9/28/2003 0:00	Shipped	3	9	2003	Classic Cars	151	S12_3148	Euro Shopping Channel	(91) 555 94 44	C/ Moralzarzal, 86		Madrid		28034	Spain	EMEA
10165	34	100	4	4880.02	10/22/2003 0:00	Shipped	4	10	2003	Classic Cars	151	S12_3148	Dragon Souveniers, Ltd.	+65 221 7555	Bronz Sok., Bronz Apt. 3/6 Tesvikiye		Singapore		79903	Singapore	Japan
10176	47	100	3	8378.69	11/6/2003 0:00	Shipped	4	11	2003	Classic Cars	151	S12_3148	L'ordine Souveniers	0522-556555	Strada Provinciale 124		Reggio Emilia		42100	Italy	EMEA
10185	33	100	14	4038.21	11/14/2003 0:00	Shipped	4	11	2003	Classic Cars	151	S12_3148	Mini Creations Ltd.	5085559555	4575 Hillside Dr.		New Bedford	MA	50553	USA	NA
10196	24	100	6	3807.12	11/26/2003 0:00	Shipped	4	11	2003	Classic Cars	151	S12_3148	Super Scale Inc.	2035559545	567 North Pendale Street		New Haven	CT	97823	USA	NA
10208	26	100	14	3142.36	1/2/2004 0:00	Shipped	1	1	2004	Classic Cars	151	S12_3148	Saveley & Henriot, Co.	78.32.5555	2, rue du Commerce		Lyon		69004	France	EMEA
10220	30	100	3	4713.6	2/12/2004 0:00	Shipped	1	2	2004	Classic Cars	151	S12_3148	Clover Collections, Co.	+353 1862 1555	25 Maiden Lane	Floor No. 4	Dublin		2	Ireland	EMEA
10230	43	100	1	7016.31	3/15/2004 0:00	Shipped	1	3	2004	Classic Cars	151	S12_3148	Blauer See Auto, Co.	+49 69 66 90 2555	Lyonerstr. 34		Frankfurt		60528	Germany	EMEA
10247	25	100	3	4381.25	5/5/2004 0:00	Shipped	2	5	2004	Classic Cars	151	S12_3148	Suominen Souveniers	+358 9 8045 555	Software Engineering Center, SEC Oy		Espoo		FIN-02271	Finland	EMEA
10272	27	100	3	4283.01	7/20/2004 0:00	Shipped	3	7	2004	Classic Cars	151	S12_3148	Diecast Classics Inc.	2155551555	7586 Pompton St.		Allentown	PA	70267	USA	NA
10282	27	100	6	4364.82	8/20/2004 0:00	Shipped	3	8	2004	Classic Cars	151	S12_3148	Mini Gifts Distributors Ltd.	4155551450	5677 Strong St.		San Rafael	CA	97562	USA	NA
10293	24	100	9	4242.24	9/9/2004 0:00	Shipped	3	9	2004	Classic Cars	151	S12_3148	Amica Models & Co.	011-4988555	Via Monte Bianco 34		Torino		10100	Italy	EMEA
10306	34	100	14	4982.7	10/14/2004 0:00	Shipped	4	10	2004	Classic Cars	151	S12_3148	AV Stores, Co.	(171) 555-1555	Fauntleroy Circus		Manchester		EC2 5NT	UK	EMEA
10314	46	100	6	6393.54	10/22/2004 0:00	Shipped	4	10	2004	Classic Cars	151	S12_3148	Heintze Collectables	86 21 3555	Smagsloget 45		Aaarhus		8200	Denmark	EMEA
10324	27	54.33	1	1466.91	11/5/2004 0:00	Shipped	4	11	2004	Classic Cars	151	S12_3148	Vitachrome Inc.	2125551500	2678 Kingston Rd.	Suite 101	NYC	NY	10022	USA	NA
10336	33	100	11	4059.33	11/20/2004 0:00	Shipped	4	11	2004	Classic Cars	151	S12_3148	La Corne D'abondance, Co.	(1) 42.34.2555	265, boulevard Charonne		Paris		75012	France	EMEA
10348	47	100	4	4801.52	11/1/2004 0:00	Shipped	4	11	2004	Classic Cars	151	S12_3148	Corrida Auto Replicas, Ltd	(91) 555 22 82	C/ Araquil, 67		Madrid		28023	Spain	EMEA
10358	49	55.34	5	2711.66	12/10/2004 0:00	Shipped	4	12	2004	Classic Cars	151	S12_3148	Euro Shopping Channel	(91) 555 94 44	C/ Moralzarzal, 86		Madrid		28034	Spain	EMEA
10372	40	100	4	5862	1/26/2005 0:00	Shipped	1	1	2005	Classic Cars	151	S12_3148	Tokyo Collectables, Ltd	+81 3 3584 0555	2-2-8 Roppongi		Minato-ku	Tokyo	106-0032	Japan	Japan
10382	37	100	11	4071.85	2/17/2005 0:00	Shipped	1	2	2005	Classic Cars	151	S12_3148	Mini Gifts Distributors Ltd.	4155551450	5677 Strong St.		San Rafael	CA	97562	USA	NA
10413	47	100	3	8236.75	5/5/2005 0:00	Shipped	2	5	2005	Classic Cars	151	S12_3148	Gift Depot Inc.	2035552570	25593 South Bay Ln.		Bridgewater	CT	97562	USA	NA
10108	45	100	4	6130.35	3/3/2003 0:00	Shipped	1	3	2003	Classic Cars	117	S12_3380	Cruz & Sons Co.	+63 2 555 3587	15 McCallum Street - NatWest Center #13-03		Makati City		1227 MM	Philippines	Japan
10122	37	99.82	8	3693.34	5/8/2003 0:00	Shipped	2	5	2003	Classic Cars	117	S12_3380	Marseille Mini Autos	91.24.4555	12, rue des Bouchers		Marseille		13008	France	EMEA
10135	48	100	5	6031.68	7/2/2003 0:00	Shipped	3	7	2003	Classic Cars	117	S12_3380	Mini Gifts Distributors Ltd.	4155551450	5677 Strong St.		San Rafael	CA	97562	USA	NA
10147	31	100	5	3494.94	9/5/2003 0:00	Shipped	3	9	2003	Classic Cars	117	S12_3380	Collectables For Less Inc.	6175558555	7825 Douglas Av.		Brickhaven	MA	58339	USA	NA
10160	46	100	6	5294.14	10/11/2003 0:00	Shipped	4	10	2003	Classic Cars	117	S12_3380	Men 'R' US Retailers, Ltd.	2155554369	6047 Douglas Av.		Los Angeles	CA		USA	NA
10170	47	100	4	5464.69	11/4/2003 0:00	Shipped	4	11	2003	Classic Cars	117	S12_3380	Mini Auto Werke	7675-3555	Kirchgasse 6		Graz		8010	Austria	EMEA
10181	28	100	12	2860.76	11/12/2003 0:00	Shipped	4	11	2003	Classic Cars	117	S12_3380	Herkku Gifts	+47 2267 3215	Drammen 121, PR 744 Sentrum		Bergen		N 5804	Norway	EMEA
10191	40	100	1	5590	11/20/2003 0:00	Shipped	4	11	2003	Classic Cars	117	S12_3380	Toms Spezialitten, Ltd	0221-5554327	Mehrheimerstr. 369		Koln		50739	Germany	EMEA
10203	20	100	6	2254.8	12/2/2003 0:00	Shipped	4	12	2003	Classic Cars	117	S12_3380	Euro Shopping Channel	(91) 555 94 44	C/ Moralzarzal, 86		Madrid		28034	Spain	EMEA
10212	39	100	16	4946.76	1/16/2004 0:00	Shipped	1	1	2004	Classic Cars	117	S12_3380	Euro Shopping Channel	(91) 555 94 44	C/ Moralzarzal, 86		Madrid		28034	Spain	EMEA
10225	25	99.82	7	2495.5	2/22/2004 0:00	Shipped	1	2	2004	Classic Cars	117	S12_3380	Vida Sport, Ltd	0897-034555	Grenzacherweg 237		Gensve		1203	Switzerland	EMEA
10238	29	100	1	3167.38	4/9/2004 0:00	Shipped	2	4	2004	Classic Cars	117	S12_3380	Danish Wholesale Imports	31 12 3555	Vinb'ltet 34		Kobenhavn		1734	Denmark	EMEA
10253	22	100	11	2402.84	6/1/2004 0:00	Cancelled	2	6	2004	Classic Cars	117	S12_3380	UK Collectables, Ltd.	(171) 555-2282	Berkeley Gardens 12  Brewery		Liverpool		WX1 6LT	UK	EMEA
10266	22	100	12	2454.54	7/6/2004 0:00	Shipped	3	7	2004	Classic Cars	117	S12_3380	L'ordine Souveniers	0522-556555	Strada Provinciale 124		Reggio Emilia		42100	Italy	EMEA
10276	47	100	1	5464.69	8/2/2004 0:00	Shipped	3	8	2004	Classic Cars	117	S12_3380	Online Mini Collectables	6175557555	7635 Spinnaker Dr.		Brickhaven	MA	58339	USA	NA
10287	45	100	10	4756.5	8/30/2004 0:00	Shipped	3	8	2004	Classic Cars	117	S12_3380	Vida Sport, Ltd	0897-034555	Grenzacherweg 237		Gensve		1203	Switzerland	EMEA
10300	29	100	3	3984.6	10/4/2003 0:00	Shipped	4	10	2003	Classic Cars	117	S12_3380	Blauer See Auto, Co.	+49 69 66 90 2555	Lyonerstr. 34		Frankfurt		60528	Germany	EMEA
10310	24	100	8	3100.32	10/16/2004 0:00	Shipped	4	10	2004	Classic Cars	117	S12_3380	Toms Spezialitten, Ltd	0221-5554327	Mehrheimerstr. 369		Koln		50739	Germany	EMEA
10320	35	100	1	4850.3	11/3/2004 0:00	Shipped	4	11	2004	Classic Cars	117	S12_3380	Volvo Model Replicas, Co	0921-12 3555	FALSE		Lule		S-958 22	Sweden	EMEA
10329	46	83.63	13	3846.98	11/15/2004 0:00	Shipped	4	11	2004	Classic Cars	117	S12_3380	Land of Toys Inc.	2125557818	897 Long Airport Avenue		NYC	NY	10022	USA	NA
10341	44	95.93	1	4220.92	11/24/2004 0:00	Shipped	4	11	2004	Classic Cars	117	S12_3380	Salzburg Collectables	6562-9555	Geislweg 14		Salzburg		5020	Austria	EMEA
10363	34	96.73	4	3288.82	1/6/2005 0:00	Shipped	1	1	2005	Classic Cars	117	S12_3380	Suominen Souveniers	+358 9 8045 555	Software Engineering Center, SEC Oy		Espoo		FIN-02271	Finland	EMEA
10376	35	100	1	3987.2	2/8/2005 0:00	Shipped	1	2	2005	Classic Cars	117	S12_3380	Boards & Toys Co.	3105552373	4097 Douglas Av.		Glendale	CA	92561	USA	NA
10389	25	72.38	6	1809.5	3/3/2005 0:00	Shipped	1	3	2005	Classic Cars	117	S12_3380	Scandinavian Gift Ideas	0695-34 6555	?kergatan 24		Boras		S-844 67	Sweden	EMEA
10419	10	100	11	1092.2	5/17/2005 0:00	Shipped	2	5	2005	Classic Cars	117	S12_3380	Salzburg Collectables	6562-9555	Geislweg 14		Salzburg		5020	Austria	EMEA
10105	29	100	14	4566.05	2/11/2003 0:00	Shipped	1	2	2003	Classic Cars	173	S12_3891	Danish Wholesale Imports	31 12 3555	Vinb'ltet 34		Kobenhavn		1734	Denmark	EMEA
10117	39	100	8	5938.14	4/16/2003 0:00	Shipped	2	4	2003	Classic Cars	173	S12_3891	Dragon Souveniers, Ltd.	+65 221 7555	Bronz Sok., Bronz Apt. 3/6 Tesvikiye		Singapore		79903	Singapore	Japan
10127	42	100	1	8138.76	6/3/2003 0:00	Shipped	2	6	2003	Classic Cars	173	S12_3891	Muscle Machine Inc	2125557413	4092 Furth Circle	Suite 400	NYC	NY	10022	USA	NA
10142	46	100	11	9470.94	8/8/2003 0:00	Shipped	3	8	2003	Classic Cars	173	S12_3891	Mini Gifts Distributors Ltd.	4155551450	5677 Strong St.		San Rafael	CA	97562	USA	NA
10153	49	100	10	7036.89	9/28/2003 0:00	Shipped	3	9	2003	Classic Cars	173	S12_3891	Euro Shopping Channel	(91) 555 94 44	C/ Moralzarzal, 86		Madrid		28034	Spain	EMEA
10165	27	100	2	5559.03	10/22/2003 0:00	Shipped	4	10	2003	Classic Cars	173	S12_3891	Dragon Souveniers, Ltd.	+65 221 7555	Bronz Sok., Bronz Apt. 3/6 Tesvikiye		Singapore		79903	Singapore	Japan
10176	50	100	1	7872.5	11/6/2003 0:00	Shipped	4	11	2003	Classic Cars	173	S12_3891	L'ordine Souveniers	0522-556555	Strada Provinciale 124		Reggio Emilia		42100	Italy	EMEA
10185	43	100	12	7886.2	11/14/2003 0:00	Shipped	4	11	2003	Classic Cars	173	S12_3891	Mini Creations Ltd.	5085559555	4575 Hillside Dr.		New Bedford	MA	50553	USA	NA
10196	38	100	4	7232.16	11/26/2003 0:00	Shipped	4	11	2003	Classic Cars	173	S12_3891	Super Scale Inc.	2035559545	567 North Pendale Street		New Haven	CT	97823	USA	NA
10208	20	100	12	3114.4	1/2/2004 0:00	Shipped	1	1	2004	Classic Cars	173	S12_3891	Saveley & Henriot, Co.	78.32.5555	2, rue du Commerce		Lyon		69004	France	EMEA
10220	27	100	1	5045.22	2/12/2004 0:00	Shipped	1	2	2004	Classic Cars	173	S12_3891	Clover Collections, Co.	+353 1862 1555	25 Maiden Lane	Floor No. 4	Dublin		2	Ireland	EMEA
10231	49	100	1	6952.12	3/19/2004 0:00	Shipped	1	3	2004	Classic Cars	173	S12_3891	CAF Imports	+34 913 728 555	Merchants House, 27-30 Merchant's Quay		Madrid		28023	Spain	EMEA
10247	27	100	1	4157.73	5/5/2004 0:00	Shipped	2	5	2004	Classic Cars	173	S12_3891	Suominen Souveniers	+358 9 8045 555	Software Engineering Center, SEC Oy		Espoo		FIN-02271	Finland	EMEA
10272	39	100	1	7962.24	7/20/2004 0:00	Shipped	3	7	2004	Classic Cars	173	S12_3891	Diecast Classics Inc.	2155551555	7586 Pompton St.		Allentown	PA	70267	USA	NA
10282	24	100	4	3778.8	8/20/2004 0:00	Shipped	3	8	2004	Classic Cars	173	S12_3891	Mini Gifts Distributors Ltd.	4155551450	5677 Strong St.		San Rafael	CA	97562	USA	NA
10293	45	100	7	8253	9/9/2004 0:00	Shipped	3	9	2004	Classic Cars	173	S12_3891	Amica Models & Co.	011-4988555	Via Monte Bianco 34		Torino		10100	Italy	EMEA
10306	20	100	12	3633.4	10/14/2004 0:00	Shipped	4	10	2004	Classic Cars	173	S12_3891	AV Stores, Co.	(171) 555-1555	Fauntleroy Circus		Manchester		EC2 5NT	UK	EMEA
10314	36	100	4	6913.8	10/22/2004 0:00	Shipped	4	10	2004	Classic Cars	173	S12_3891	Heintze Collectables	86 21 3555	Smagsloget 45		Aaarhus		8200	Denmark	EMEA
10325	24	100	1	2583.6	11/5/2004 0:00	Shipped	4	11	2004	Classic Cars	173	S12_3891	Baane Mini Imports	07-98 9555	Erling Skakkes gate 78		Stavern		4110	Norway	EMEA
10336	49	63.38	1	3105.62	11/20/2004 0:00	Shipped	4	11	2004	Classic Cars	173	S12_3891	La Corne D'abondance, Co.	(1) 42.34.2555	265, boulevard Charonne		Paris		75012	France	EMEA
10349	26	100	10	4408.56	12/1/2004 0:00	Shipped	4	12	2004	Classic Cars	173	S12_3891	Muscle Machine Inc	2125557413	4092 Furth Circle	Suite 400	NYC	NY	10022	USA	NA
10359	49	62.09	5	3042.41	12/15/2004 0:00	Shipped	4	12	2004	Classic Cars	173	S12_3891	Reims Collectables	26.47.1555	59 rue de l'Abbaye		Reims		51100	France	EMEA
10372	34	100	1	5941.5	1/26/2005 0:00	Shipped	1	1	2005	Classic Cars	173	S12_3891	Tokyo Collectables, Ltd	+81 3 3584 0555	2-2-8 Roppongi		Minato-ku	Tokyo	106-0032	Japan	Japan
10382	34	95.35	12	3241.9	2/17/2005 0:00	Shipped	1	2	2005	Classic Cars	173	S12_3891	Mini Gifts Distributors Ltd.	4155551450	5677 Strong St.		San Rafael	CA	97562	USA	NA
10396	33	100	3	6109.29	3/23/2005 0:00	Shipped	1	3	2005	Classic Cars	173	S12_3891	Mini Gifts Distributors Ltd.	4155551450	5677 Strong St.		San Rafael	CA	97562	USA	NA
10413	22	100	1	3387.78	5/5/2005 0:00	Shipped	2	5	2005	Classic Cars	173	S12_3891	Gift Depot Inc.	2035552570	25593 South Bay Ln.		Bridgewater	CT	97562	USA	NA
10108	39	89.38	7	3485.82	3/3/2003 0:00	Shipped	1	3	2003	Classic Cars	79	S12_3990	Cruz & Sons Co.	+63 2 555 3587	15 McCallum Street - NatWest Center #13-03		Makati City		1227 MM	Philippines	Japan
10122	32	63.84	11	2042.88	5/8/2003 0:00	Shipped	2	5	2003	Classic Cars	79	S12_3990	Marseille Mini Autos	91.24.4555	12, rue des Bouchers		Marseille		13008	France	EMEA
10135	24	75.01	8	1800.24	7/2/2003 0:00	Shipped	3	7	2003	Classic Cars	79	S12_3990	Mini Gifts Distributors Ltd.	4155551450	5677 Strong St.		San Rafael	CA	97562	USA	NA
10147	21	63.84	8	1340.64	9/5/2003 0:00	Shipped	3	9	2003	Classic Cars	79	S12_3990	Collectables For Less Inc.	6175558555	7825 Douglas Av.		Brickhaven	MA	58339	USA	NA
10159	24	73.42	3	1762.08	10/10/2003 0:00	Shipped	4	10	2003	Classic Cars	79	S12_3990	Corporate Gift Ideas Co.	6505551386	7734 Strong St.		San Francisco	CA		USA	NA
10169	36	63.84	3	2298.24	11/4/2003 0:00	Shipped	4	11	2003	Classic Cars	79	S12_3990	Anna's Decorations, Ltd	02 9936 8555	201 Miller Street	Level 15	North Sydney	NSW	2060	Australia	APAC
10181	20	81.4	15	1628	11/12/2003 0:00	Shipped	4	11	2003	Classic Cars	79	S12_3990	Herkku Gifts	+47 2267 3215	Drammen 121, PR 744 Sentrum		Bergen		N 5804	Norway	EMEA
10191	30	64.64	4	1939.2	11/20/2003 0:00	Shipped	4	11	2003	Classic Cars	79	S12_3990	Toms Spezialitten, Ltd	0221-5554327	Mehrheimerstr. 369		Koln		50739	Germany	EMEA
10203	44	82.99	9	3651.56	12/2/2003 0:00	Shipped	4	12	2003	Classic Cars	79	S12_3990	Euro Shopping Channel	(91) 555 94 44	C/ Moralzarzal, 86		Madrid		28034	Spain	EMEA
10211	28	92.57	3	2591.96	1/15/2004 0:00	Shipped	1	1	2004	Classic Cars	79	S12_3990	Auto Canal Petit	(1) 47.55.6555	25, rue Lauriston		Paris		75016	France	EMEA
10225	37	77.41	10	2864.17	2/22/2004 0:00	Shipped	1	2	2004	Classic Cars	79	S12_3990	Vida Sport, Ltd	0897-034555	Grenzacherweg 237		Gensve		1203	Switzerland	EMEA
10238	20	74.21	4	1484.2	4/9/2004 0:00	Shipped	2	4	2004	Classic Cars	79	S12_3990	Danish Wholesale Imports	31 12 3555	Vinb'ltet 34		Kobenhavn		1734	Denmark	EMEA
10253	25	90.17	14	2254.25	6/1/2004 0:00	Cancelled	2	6	2004	Classic Cars	79	S12_3990	UK Collectables, Ltd.	(171) 555-2282	Berkeley Gardens 12  Brewery		Liverpool		WX1 6LT	UK	EMEA
10266	35	76.61	15	2681.35	7/6/2004 0:00	Shipped	3	7	2004	Classic Cars	79	S12_3990	L'ordine Souveniers	0522-556555	Strada Provinciale 124		Reggio Emilia		42100	Italy	EMEA
10276	38	83.79	4	3184.02	8/2/2004 0:00	Shipped	3	8	2004	Classic Cars	79	S12_3990	Online Mini Collectables	6175557555	7635 Spinnaker Dr.		Brickhaven	MA	58339	USA	NA
10287	41	69.43	13	2846.63	8/30/2004 0:00	Shipped	3	8	2004	Classic Cars	79	S12_3990	Vida Sport, Ltd	0897-034555	Grenzacherweg 237		Gensve		1203	Switzerland	EMEA
10300	22	76.61	6	1685.42	10/4/2003 0:00	Shipped	4	10	2003	Classic Cars	79	S12_3990	Blauer See Auto, Co.	+49 69 66 90 2555	Lyonerstr. 34		Frankfurt		60528	Germany	EMEA
10310	49	81.4	11	3988.6	10/16/2004 0:00	Shipped	4	10	2004	Classic Cars	79	S12_3990	Toms Spezialitten, Ltd	0221-5554327	Mehrheimerstr. 369		Koln		50739	Germany	EMEA
10320	38	73.42	4	2789.96	11/3/2004 0:00	Shipped	4	11	2004	Classic Cars	79	S12_3990	Volvo Model Replicas, Co	0921-12 3555	FALSE		Lule		S-958 22	Sweden	EMEA
10329	33	100	14	3607.56	11/15/2004 0:00	Shipped	4	11	2004	Classic Cars	79	S12_3990	Land of Toys Inc.	2125557818	897 Long Airport Avenue		NYC	NY	10022	USA	NA
10341	36	93.56	10	3368.16	11/24/2004 0:00	Shipped	4	11	2004	Classic Cars	79	S12_3990	Salzburg Collectables	6562-9555	Geislweg 14		Salzburg		5020	Austria	EMEA
10363	34	81.62	5	2775.08	1/6/2005 0:00	Shipped	1	1	2005	Classic Cars	79	S12_3990	Suominen Souveniers	+358 9 8045 555	Software Engineering Center, SEC Oy		Espoo		FIN-02271	Finland	EMEA
10377	24	67.83	5	1627.92	2/9/2005 0:00	Shipped	1	2	2005	Classic Cars	79	S12_3990	Toys of Finland, Co.	90-224 8555	Keskuskatu 45		Helsinki		21240	Finland	EMEA
10389	36	70.26	7	2529.36	3/3/2005 0:00	Shipped	1	3	2005	Classic Cars	79	S12_3990	Scandinavian Gift Ideas	0695-34 6555	?kergatan 24		Boras		S-844 67	Sweden	EMEA
10419	34	90.17	14	3065.78	5/17/2005 0:00	Shipped	2	5	2005	Classic Cars	79	S12_3990	Salzburg Collectables	6562-9555	Geislweg 14		Salzburg		5020	Austria	EMEA
10104	41	100	9	4615.78	1/31/2003 0:00	Shipped	1	1	2003	Trucks and Buses	118	S12_4473	Euro Shopping Channel	(91) 555 94 44	C/ Moralzarzal, 86		Madrid		28034	Spain	EMEA
10115	46	100	5	5723.78	4/4/2003 0:00	Shipped	2	4	2003	Trucks and Buses	118	S12_4473	Classic Legends Inc.	2125558493	5905 Pompton St.	Suite 750	NYC	NY	10022	USA	NA
10127	24	100	11	2559.6	6/3/2003 0:00	Shipped	2	6	2003	Trucks and Buses	118	S12_4473	Muscle Machine Inc	2125557413	4092 Furth Circle	Suite 400	NYC	NY	10022	USA	NA
10141	21	100	5	2140.11	8/1/2003 0:00	Shipped	3	8	2003	Trucks and Buses	118	S12_4473	Suominen Souveniers	+358 9 8045 555	Software Engineering Center, SEC Oy		Espoo		FIN-02271	Finland	EMEA
